timestamp,symbol,price,quantity
2025-07-13T13:54:25.047232,DHANBANK,1317.52,27
2025-07-13T13:54:25.106072,CINELINE,1467.71,37
2025-07-13T13:54:25.167761,ADANIPORTS,1373.11,60
2025-07-13T13:54:25.230902,CREATIVEYE,1023.55,70
2025-07-13T13:54:25.292080,DIL,1310.34,53
2025-07-13T13:54:25.353353,CCCL,1985.39,30
2025-07-13T13:54:25.415375,DHARMAJ,1269.85,86
2025-07-13T13:54:25.477264,BHEL,1035.21,28
2025-07-13T13:54:25.538524,AKUMS,1650.91,8
2025-07-13T13:54:25.599603,BEARDSELL,1756.96,16
2025-07-13T13:54:25.662141,DCI,1144.54,89
2025-07-13T13:54:25.724632,AKSHOPTFBR,1133.39,63
2025-07-13T13:54:25.786275,BANKA,1346.77,28
2025-07-13T13:54:25.848267,DCM,1496.53,52
2025-07-13T13:54:25.909726,CEATLTD,1099.88,91
2025-07-13T13:54:25.971738,ATLANTAA,1332.35,33
2025-07-13T13:54:26.034441,COLPAL,1308.28,58
2025-07-13T13:54:26.095061,CHEMBOND,1919.22,43
2025-07-13T13:54:26.157114,BCLIND,1565.44,95
2025-07-13T13:54:26.218561,CAPACITE,1438.48,58
2025-07-13T13:54:26.281592,ARIHANTCAP,1551.65,87
2025-07-13T13:54:26.342733,63MOONS,1470.78,83
2025-07-13T13:54:26.403805,ANUP,1106.0,38
2025-07-13T13:54:26.466412,ADANIPOWER,1717.13,72
2025-07-13T13:54:26.527528,ARROWGREEN,1429.49,64
2025-07-13T13:54:26.588907,BALAMINES,1658.44,20
2025-07-13T13:54:26.650009,DLINKINDIA,1065.03,7
2025-07-13T13:54:26.710790,ASIANHOTNR,1239.18,82
2025-07-13T13:54:26.772469,ADANIGREEN,1993.11,27
2025-07-13T13:54:26.833703,3IINFOLTD,1908.36,28
2025-07-13T13:54:26.895711,AVADHSUGAR,1713.08,32
2025-07-13T13:54:26.957699,BAFNAPH,1464.54,90
2025-07-13T13:54:27.019807,DENTA,1951.82,37
2025-07-13T13:54:27.082047,AVONMORE,1774.28,13
2025-07-13T13:54:27.144438,CINEVISTA,1095.54,90
2025-07-13T13:54:27.207495,APOLLOPIPE,1788.93,2
2025-07-13T13:54:27.269772,AHLUCONT,1838.92,81
2025-07-13T13:54:27.331737,BANG,1631.32,80
2025-07-13T13:54:27.394023,CHEMBOND,1919.38,1
2025-07-13T13:54:27.455454,BINANIIND,1577.24,7
2025-07-13T13:54:27.516633,ADVENZYMES,1004.07,74
2025-07-13T13:54:27.578919,BORANA,1926.5,69
2025-07-13T13:54:27.640259,BANG,1631.79,13
2025-07-13T13:54:27.702075,DIAMINESQ,1063.59,17
2025-07-13T13:54:27.763559,ASHOKA,1581.77,97
2025-07-13T13:54:27.825483,DHANBANK,1317.29,92
2025-07-13T13:54:27.886712,BAJEL,1223.68,94
2025-07-13T13:54:27.949697,ARVINDFASN,1996.39,83
2025-07-13T13:54:28.012133,ANURAS,1154.12,55
2025-07-13T13:54:28.074150,ALPHAGEO,1628.39,92
2025-07-13T13:54:28.137179,ACE,1093.51,36
2025-07-13T13:54:28.200334,BHANDARI,1602.45,15
2025-07-13T13:54:28.264082,CGCL,1663.87,76
2025-07-13T13:54:28.326660,AXITA,1790.22,5
2025-07-13T13:54:28.388951,AKZOINDIA,1085.61,78
2025-07-13T13:54:28.452506,COMPUSOFT,1528.6,13
2025-07-13T13:54:28.513599,AVADHSUGAR,1712.93,25
2025-07-13T13:54:28.575308,COFFEEDAY,1024.62,43
2025-07-13T13:54:28.637881,CHEMFAB,1787.0,20
2025-07-13T13:54:28.699533,DICIND,1279.33,28
2025-07-13T13:54:28.760985,COHANCE,1464.39,75
2025-07-13T13:54:28.822268,AWL,1413.9,40
2025-07-13T13:54:28.883541,ADANIENT,1278.9,93
2025-07-13T13:54:28.945073,ASIANPAINT,1624.25,45
2025-07-13T13:54:29.006590,BRITANNIA,1169.98,32
2025-07-13T13:54:29.067529,ACCELYA,1882.58,87
2025-07-13T13:54:29.129654,BCLIND,1565.37,52
2025-07-13T13:54:29.191105,BHARTIARTL,1234.52,12
2025-07-13T13:54:29.252862,DAMODARIND,1784.47,53
2025-07-13T13:54:29.315263,CHAMBLFERT,1152.85,69
2025-07-13T13:54:29.377696,BGRENERGY,1475.4,91
2025-07-13T13:54:29.439533,DCMNVL,1301.77,95
2025-07-13T13:54:29.501654,AWFIS,1432.77,5
2025-07-13T13:54:29.563721,BLUECOAST,1798.63,50
2025-07-13T13:54:29.625529,BEML,1279.41,51
2025-07-13T13:54:29.688040,AFFORDABLE,1522.39,87
2025-07-13T13:54:29.750842,BHARATRAS,1053.61,3
2025-07-13T13:54:29.813417,BANCOINDIA,1843.47,59
2025-07-13T13:54:29.875335,CHEMFAB,1787.2,83
2025-07-13T13:54:29.937798,DHANUKA,1810.31,97
2025-07-13T13:54:30.000696,BHARATWIRE,1245.8,99
2025-07-13T13:54:30.063825,BHARATSE,1012.45,57
2025-07-13T13:54:30.125186,BLUECOAST,1798.3,37
2025-07-13T13:54:30.187445,BGRENERGY,1475.11,81
2025-07-13T13:54:30.250056,ARSHIYA,1175.3,27
2025-07-13T13:54:30.312484,DEEPINDS,1440.46,19
2025-07-13T13:54:30.375089,ADVANIHOTR,1553.78,76
2025-07-13T13:54:30.437157,BALPHARMA,1671.59,59
2025-07-13T13:54:30.499321,ADOR,1018.77,51
2025-07-13T13:54:30.561571,ABINFRA,1537.67,41
2025-07-13T13:54:30.624381,DHUNINV,1644.81,2
2025-07-13T13:54:30.686273,ADOR,1018.32,63
2025-07-13T13:54:30.747907,ANGELONE,1725.56,97
2025-07-13T13:54:30.809214,CYIENTDLM,1360.8,87
2025-07-13T13:54:30.870870,ASTEC,1482.67,73
2025-07-13T13:54:30.932895,BLUSPRING,1648.05,14
2025-07-13T13:54:30.994376,BLKASHYAP,1872.82,33
2025-07-13T13:54:31.056267,DCMNVL,1301.81,25
2025-07-13T13:54:31.119460,AMBER,1401.14,7
2025-07-13T13:54:31.181599,DENORA,1772.98,34
2025-07-13T13:54:31.244662,CIEINDIA,1264.45,9
2025-07-13T13:54:31.306260,AVANTEL,1465.69,7
2025-07-13T13:54:31.368747,DJML,1071.83,38
2025-07-13T13:54:31.430425,ANANTRAJ,1455.89,31
2025-07-13T13:54:31.492136,AJANTPHARM,1618.36,4
2025-07-13T13:54:31.554720,ATALREAL,1280.74,29
2025-07-13T13:54:31.616626,3IINFOLTD,1908.37,28
2025-07-13T13:54:31.678804,AMBER,1401.34,70
2025-07-13T13:54:31.740413,COMPINFO,1379.18,5
2025-07-13T13:54:31.801913,BAJAJELEC,1281.24,8
2025-07-13T13:54:31.865013,CURAA,1093.64,99
2025-07-13T13:54:31.929967,BHARATWIRE,1245.79,50
2025-07-13T13:54:31.988213,BAFNAPH,1464.7,65
2025-07-13T13:54:32.051203,CGPOWER,1836.31,90
2025-07-13T13:54:32.112914,AIIL,1346.53,18
2025-07-13T13:54:32.175591,CYIENTDLM,1361.04,59
2025-07-13T13:54:32.238892,CUB,1037.11,77
2025-07-13T13:54:32.301284,DBEIL,1630.85,11
2025-07-13T13:54:32.363717,AMDIND,1719.1,51
2025-07-13T13:54:32.425920,BANKINDIA,1660.25,18
2025-07-13T13:54:32.488141,CRISIL,1305.19,53
2025-07-13T13:54:32.550098,DEEDEV,1320.19,5
2025-07-13T13:54:32.611824,ASHIANA,1079.62,1
2025-07-13T13:54:32.673346,DHRUV,1478.28,86
2025-07-13T13:54:32.734911,ALKALI,1375.56,50
2025-07-13T13:54:32.797354,3IINFOLTD,1908.75,35
2025-07-13T13:54:32.859945,DBREALTY,1419.81,82
2025-07-13T13:54:32.922091,BEDMUTHA,1060.91,53
2025-07-13T13:54:32.985575,DCXINDIA,1391.4,17
2025-07-13T13:54:33.048012,BLAL,1992.12,15
2025-07-13T13:54:33.111383,AHLEAST,1256.89,15
2025-07-13T13:54:33.174456,CHEVIOT,1618.34,8
2025-07-13T13:54:33.236303,CTE,1043.8,12
2025-07-13T13:54:33.298586,CINELINE,1467.49,23
2025-07-13T13:54:33.360588,AMBICAAGAR,1286.04,22
2025-07-13T13:54:33.421745,ATULAUTO,1807.52,33
2025-07-13T13:54:33.484475,3MINDIA,1307.44,40
2025-07-13T13:54:33.547311,ASIANTILES,1994.73,70
2025-07-13T13:54:33.609066,ACLGATI,1460.15,29
2025-07-13T13:54:33.671913,BARBEQUE,1334.2,55
2025-07-13T13:54:33.733948,COSMOFIRST,1552.51,61
2025-07-13T13:54:33.795352,CHOLAFIN,1217.94,31
2025-07-13T13:54:33.857502,BANSALWIRE,1804.81,64
2025-07-13T13:54:33.920695,ALIVUS,1816.13,31
2025-07-13T13:54:33.982005,BLACKBUCK,1226.59,18
2025-07-13T13:54:34.044265,AVL,1993.75,28
2025-07-13T13:54:34.105887,ATLANTAA,1332.54,55
2025-07-13T13:54:34.166558,AARTIIND,1912.64,40
2025-07-13T13:54:34.228243,DENORA,1772.79,48
2025-07-13T13:54:34.291038,BALAMINES,1658.16,4
2025-07-13T13:54:34.353008,DODLA,1474.42,30
2025-07-13T13:54:34.415039,CYIENTDLM,1361.46,66
2025-07-13T13:54:34.477177,AIAENG,1781.31,56
2025-07-13T13:54:34.539842,ABLBL,1966.48,24
2025-07-13T13:54:34.601967,DCMSHRIRAM,1484.38,40
2025-07-13T13:54:34.664334,AARON,1693.83,76
2025-07-13T13:54:34.725682,DBREALTY,1420.16,16
2025-07-13T13:54:34.787679,CTE,1043.56,30
2025-07-13T13:54:34.849924,DAMCAPITAL,1917.49,2
2025-07-13T13:54:34.912428,ASTRAL,1398.8,17
2025-07-13T13:54:34.975037,BOSCHLTD,1653.24,35
2025-07-13T13:54:35.038752,BANSWRAS,1116.47,26
2025-07-13T13:54:35.100923,DEEPINDS,1440.1,8
2025-07-13T13:54:35.163329,AMBICAAGAR,1286.39,52
2025-07-13T13:54:35.225099,DAMODARIND,1784.64,65
2025-07-13T13:54:35.287339,BLUESTARCO,1521.32,83
2025-07-13T13:54:35.349794,CERA,1362.47,30
2025-07-13T13:54:35.411338,BCLIND,1565.85,95
2025-07-13T13:54:35.472923,AGI,1351.97,29
2025-07-13T13:54:35.534969,BATAINDIA,1856.4,15
2025-07-13T13:54:35.596780,AARTIDRUGS,1523.04,27
2025-07-13T13:54:35.659424,3MINDIA,1307.07,75
2025-07-13T13:54:35.720916,AYMSYNTEX,1745.27,90
2025-07-13T13:54:35.782711,CANBK,1780.98,82
2025-07-13T13:54:35.845050,CARRARO,1569.78,23
2025-07-13T13:54:35.906867,DIGJAMLMTD,1368.06,87
2025-07-13T13:54:35.970018,ATUL,1549.77,38
2025-07-13T13:54:36.031047,ALKALI,1375.4,10
2025-07-13T13:54:36.092361,CIPLA,1627.5,68
2025-07-13T13:54:36.155428,ANUHPHR,1425.68,7
2025-07-13T13:54:36.217500,DABUR,1951.48,92
2025-07-13T13:54:36.280752,BFUTILITIE,1559.92,85
2025-07-13T13:54:36.343585,AFSL,1228.84,10
2025-07-13T13:54:36.405960,ANIKINDS,1730.73,86
2025-07-13T13:54:36.468033,APTUS,1709.79,67
2025-07-13T13:54:36.530597,AJAXENGG,1214.07,76
2025-07-13T13:54:36.594240,BEPL,1783.03,98
2025-07-13T13:54:36.654459,AXISCADES,1144.13,60
2025-07-13T13:54:36.716463,CEATLTD,1099.97,26
2025-07-13T13:54:36.777965,3IINFOLTD,1908.36,79
2025-07-13T13:54:36.840233,DELTACORP,1093.44,11
2025-07-13T13:54:36.902504,BIOCON,1458.04,97
2025-07-13T13:54:36.964183,AZAD,1348.77,58
2025-07-13T13:54:37.026955,ARTNIRMAN,1365.22,39
2025-07-13T13:54:37.088925,DCMNVL,1301.63,9
2025-07-13T13:54:37.152189,AMBUJACEM,1816.01,93
2025-07-13T13:54:37.213774,BORORENEW,1640.37,8
2025-07-13T13:54:37.276232,BHARATGEAR,1575.44,73
2025-07-13T13:54:37.338462,BLACKBUCK,1226.16,73
2025-07-13T13:54:37.399671,BINANIIND,1577.19,34
2025-07-13T13:54:37.461301,ABSLAMC,1444.06,29
2025-07-13T13:54:37.523752,AARTISURF,1540.43,51
2025-07-13T13:54:37.585311,ASIANENE,1774.35,26
2025-07-13T13:54:37.647625,COSMOFIRST,1552.23,31
2025-07-13T13:54:37.708985,AVANTEL,1466.13,59
2025-07-13T13:54:37.771725,AURUM,1738.58,50
2025-07-13T13:54:37.833568,DEEPINDS,1440.27,26
2025-07-13T13:54:37.896420,ALKEM,1676.63,9
2025-07-13T13:54:37.959222,ANANDRATHI,1434.86,18
2025-07-13T13:54:38.021726,AUROPHARMA,1546.65,51
2025-07-13T13:54:38.082971,ANUHPHR,1425.5,54
2025-07-13T13:54:38.146292,ARISINFRA,1415.13,60
2025-07-13T13:54:38.208859,ASTRAZEN,1766.49,95
2025-07-13T13:54:38.271258,BANARBEADS,1292.73,52
2025-07-13T13:54:38.332330,BSL,1591.13,83
2025-07-13T13:54:38.394820,ATUL,1549.98,48
2025-07-13T13:54:38.457823,BBOX,1028.44,15
2025-07-13T13:54:38.518639,DIGITIDE,1347.19,82
2025-07-13T13:54:38.580770,BSE,1546.35,61
2025-07-13T13:54:38.642598,CENTUM,1694.71,27
2025-07-13T13:54:38.705283,BAJEL,1224.06,35
2025-07-13T13:54:38.767111,AVANTEL,1465.82,22
2025-07-13T13:54:38.828666,ADSL,1003.21,71
2025-07-13T13:54:38.890651,AUROPHARMA,1546.26,56
2025-07-13T13:54:38.952835,DNAMEDIA,1121.5,28
2025-07-13T13:54:39.014832,CGCL,1663.84,73
2025-07-13T13:54:39.077123,AEGISLOG,1127.82,48
2025-07-13T13:54:39.139353,3IINFOLTD,1908.8,59
2025-07-13T13:54:39.201056,AARTECH,1963.11,82
2025-07-13T13:54:39.262219,BANKA,1346.47,12
2025-07-13T13:54:39.323935,BALKRISIND,1937.41,77
2025-07-13T13:54:39.386010,ATGL,1641.95,45
2025-07-13T13:54:39.448588,ADANIGREEN,1993.29,78
2025-07-13T13:54:39.510182,CEIGALL,1898.26,20
2025-07-13T13:54:39.571882,DEVIT,1631.45,10
2025-07-13T13:54:39.633777,ARIES,1851.4,61
2025-07-13T13:54:39.695638,ASHAPURMIN,1515.05,69
2025-07-13T13:54:39.757795,AGARIND,1005.59,6
2025-07-13T13:54:39.818744,ALBERTDAVD,1032.19,97
2025-07-13T13:54:39.880552,ALICON,1915.21,75
2025-07-13T13:54:39.941605,ASMS,1782.12,50
2025-07-13T13:54:40.003934,DIACABS,1907.73,88
2025-07-13T13:54:40.066716,BPL,1821.26,23
2025-07-13T13:54:40.129360,AGI,1352.22,5
2025-07-13T13:54:40.191590,DAVANGERE,1574.49,91
2025-07-13T13:54:40.252861,ANANDRATHI,1435.19,8
2025-07-13T13:54:40.314540,DEEDEV,1320.63,88
2025-07-13T13:54:40.375728,ASAHIINDIA,1315.31,5
2025-07-13T13:54:40.437807,ANANTRAJ,1456.34,35
2025-07-13T13:54:40.499810,BALAJEE,1290.6,77
2025-07-13T13:54:40.561883,ADVANIHOTR,1554.06,53
2025-07-13T13:54:40.623701,CHOLAHLDNG,1832.49,71
2025-07-13T13:54:40.685020,AARVI,1382.74,5
2025-07-13T13:54:40.748622,CHEMCON,1290.26,30
2025-07-13T13:54:40.810177,CANFINHOME,1306.81,79
2025-07-13T13:54:40.873162,DENTA,1951.33,3
2025-07-13T13:54:40.934615,BAJAJHLDNG,1061.31,62
2025-07-13T13:54:40.996580,CYIENT,1923.82,55
2025-07-13T13:54:41.057997,BCONCEPTS,1512.24,57
2025-07-13T13:54:41.121291,ALPA,1465.06,33
2025-07-13T13:54:41.183672,ARSSINFRA,1354.86,88
2025-07-13T13:54:41.245796,BHAGERIA,1126.75,34
2025-07-13T13:54:41.308366,ACL,1885.66,78
2025-07-13T13:54:41.369512,BEPL,1782.78,79
2025-07-13T13:54:41.431222,COMPINFO,1379.4,88
2025-07-13T13:54:41.493256,APTUS,1710.16,12
2025-07-13T13:54:41.555307,DEVYANI,1895.87,69
2025-07-13T13:54:41.617131,CARYSIL,1637.32,17
2025-07-13T13:54:41.679041,ASTEC-RE,1269.84,61
2025-07-13T13:54:41.740783,ABLBL,1966.49,14
2025-07-13T13:54:41.802646,BSOFT,1934.57,62
2025-07-13T13:54:41.864065,AGIIL,1920.99,80
2025-07-13T13:54:41.925735,DLF,1626.89,38
2025-07-13T13:54:41.987417,CONSOFINVT,1361.43,73
2025-07-13T13:54:42.049096,ADL,1733.16,73
2025-07-13T13:54:42.111583,CURAA,1094.12,50
2025-07-13T13:54:42.172112,BAJFINANCE,1985.59,65
2025-07-13T13:54:42.234270,AURUM,1738.77,95
2025-07-13T13:54:42.295845,APOLLOHOSP,1601.44,21
2025-07-13T13:54:42.358111,AJAXENGG,1213.84,29
2025-07-13T13:54:42.420541,ASTRAMICRO,1903.7,20
2025-07-13T13:54:42.482216,DCI,1144.55,28
2025-07-13T13:54:42.544033,CYBERTECH,1473.71,93
2025-07-13T13:54:42.605434,CREATIVE,1047.15,100
2025-07-13T13:54:42.667473,DISHTV,1844.5,64
2025-07-13T13:54:42.728972,DMCC,1095.88,12
2025-07-13T13:54:42.791166,ACL,1885.93,44
2025-07-13T13:54:42.852465,AARTIDRUGS,1523.52,35
2025-07-13T13:54:42.915303,CELEBRITY,1585.78,82
2025-07-13T13:54:42.977308,AUBANK,1048.81,77
2025-07-13T13:54:43.039628,ADVENZYMES,1003.78,89
2025-07-13T13:54:43.101892,BIOCON,1457.71,7
2025-07-13T13:54:43.165090,ALEMBICLTD,1715.88,46
2025-07-13T13:54:43.228190,ALICON,1914.98,85
2025-07-13T13:54:43.290332,DLF,1627.09,44
2025-07-13T13:54:43.352435,CYBERTECH,1473.91,11
2025-07-13T13:54:43.415340,AADHARHFC,1905.86,4
2025-07-13T13:54:43.477073,AAREYDRUGS,1571.73,94
2025-07-13T13:54:43.540096,AARVEEDEN,1292.64,22
2025-07-13T13:54:43.603392,AKI,1075.34,89
2025-07-13T13:54:43.664593,DDEVPLSTIK,1190.97,79
2025-07-13T13:54:43.727083,BLS,1295.87,98
2025-07-13T13:54:43.788775,BLKASHYAP,1873.18,85
2025-07-13T13:54:43.850895,CHEVIOT,1618.46,26
2025-07-13T13:54:43.913164,CHOICEIN,1989.13,36
2025-07-13T13:54:43.976335,DATAPATTNS,1757.21,88
2025-07-13T13:54:44.038739,ALBERTDAVD,1031.83,7
2025-07-13T13:54:44.100727,DEN,1910.24,46
2025-07-13T13:54:44.162359,ARSHIYA,1175.68,60
2025-07-13T13:54:44.225755,A2ZINFRA,1967.74,91
2025-07-13T13:54:44.288002,ASHIANA,1079.35,12
2025-07-13T13:54:44.350805,AMBER,1401.51,39
2025-07-13T13:54:44.413753,ARVIND,1771.83,53
2025-07-13T13:54:44.476748,BAJAJ-AUTO,1102.35,83
2025-07-13T13:54:44.540505,DCM,1496.13,100
2025-07-13T13:54:44.603203,CEIGALL,1898.75,6
2025-07-13T13:54:44.665317,BLS,1295.55,55
2025-07-13T13:54:44.727944,ABBOTINDIA,1268.32,63
2025-07-13T13:54:44.790924,BAYERCROP,1425.04,94
2025-07-13T13:54:44.853354,BIRLACORPN,1374.22,2
2025-07-13T13:54:44.915200,CGPOWER,1836.72,9
2025-07-13T13:54:44.976023,DALBHARAT,1386.02,99
2025-07-13T13:54:45.038356,DECCANCE,1548.28,76
2025-07-13T13:54:45.099918,CRAFTSMAN,1109.21,81
2025-07-13T13:54:45.162718,AKZOINDIA,1085.99,34
2025-07-13T13:54:45.224460,CSLFINANCE,1972.49,71
2025-07-13T13:54:45.287306,DCMNVL,1302.05,61
2025-07-13T13:54:45.349275,CONSOFINVT,1360.97,96
2025-07-13T13:54:45.412920,AARON,1693.61,33
2025-07-13T13:54:45.475818,DBL,1293.18,59
2025-07-13T13:54:45.538648,BASML,1707.27,10
2025-07-13T13:54:45.601921,CENTUM,1695.03,91
2025-07-13T13:54:45.663038,AVL,1993.47,22
2025-07-13T13:54:45.724746,DCM,1496.45,70
2025-07-13T13:54:45.788899,20MICRONS,1065.04,17
2025-07-13T13:54:45.851245,CIPLA,1627.23,83
2025-07-13T13:54:45.914387,ALANKIT,1740.93,29
2025-07-13T13:54:45.977842,DHAMPURSUG,1062.62,35
2025-07-13T13:54:46.040616,ANGELONE,1725.74,98
2025-07-13T13:54:46.103639,ARIHANTSUP,1960.42,97
2025-07-13T13:54:46.167403,AUTOIND,1476.69,32
2025-07-13T13:54:46.230174,ASALCBR,1558.46,51
2025-07-13T13:54:46.291839,ARROWGREEN,1429.91,62
2025-07-13T13:54:46.355045,BHEL,1034.97,55
2025-07-13T13:54:46.417636,CGCL,1663.34,83
2025-07-13T13:54:46.479468,BBOX,1028.3,100
2025-07-13T13:54:46.542796,ARIHANTSUP,1960.54,45
2025-07-13T13:54:46.605959,AFSL,1228.53,9
2025-07-13T13:54:46.669047,BRITANNIA,1170.0,59
2025-07-13T13:54:46.730744,BHARATWIRE,1245.35,15
2025-07-13T13:54:46.792459,AGSTRA,1680.96,36
2025-07-13T13:54:46.855337,BLKASHYAP,1873.63,87
2025-07-13T13:54:46.919086,DENTA,1951.36,18
2025-07-13T13:54:46.981562,CALSOFT,1339.16,54
2025-07-13T13:54:47.042823,DJML,1072.07,66
2025-07-13T13:54:47.104999,CINELINE,1467.29,36
2025-07-13T13:54:47.167716,DENORA,1773.29,36
2025-07-13T13:54:47.230191,ADVENZYMES,1003.87,60
2025-07-13T13:54:47.293283,COUNCODOS,1708.33,53
2025-07-13T13:54:47.356386,20MICRONS,1064.76,60
2025-07-13T13:54:47.418916,AMDIND,1719.26,87
2025-07-13T13:54:47.480555,ARCHIES,1708.52,54
2025-07-13T13:54:47.543079,ASHIMASYN,1218.37,74
2025-07-13T13:54:47.605208,BCONCEPTS,1512.4,80
2025-07-13T13:54:47.667692,BANG,1632.19,1
2025-07-13T13:54:47.730573,5PAISA,1943.21,45
2025-07-13T13:54:47.791423,APOLLOHOSP,1601.44,39
2025-07-13T13:54:47.853834,CASTROLIND,1656.38,92
2025-07-13T13:54:47.916132,DIL,1309.95,62
2025-07-13T13:54:47.978979,ABINFRA,1537.4,56
2025-07-13T13:54:48.041619,DCI,1144.63,97
2025-07-13T13:54:48.103634,DCMNVL,1302.1,80
2025-07-13T13:54:48.165254,ASALCBR,1558.1,64
2025-07-13T13:54:48.227595,BLISSGVS,1961.3,99
2025-07-13T13:54:48.289191,ANMOL,1164.42,11
2025-07-13T13:54:48.351154,COROMANDEL,1434.71,56
2025-07-13T13:54:48.413328,ABDL,1316.14,50
2025-07-13T13:54:48.474562,BALPHARMA,1671.44,60
2025-07-13T13:54:48.536109,DCI,1144.93,13
2025-07-13T13:54:48.599016,BLBLIMITED,1291.73,9
2025-07-13T13:54:48.662000,APOLSINHOT,1436.88,9
2025-07-13T13:54:48.722804,DBSTOCKBRO,1385.2,31
2025-07-13T13:54:48.784925,ANUHPHR,1425.63,4
2025-07-13T13:54:48.846634,DIGITIDE,1347.54,86
2025-07-13T13:54:48.908715,AARTISURF,1540.31,94
2025-07-13T13:54:48.971250,AKG,1311.16,41
2025-07-13T13:54:49.033927,DEEPAKNTR,1977.79,32
2025-07-13T13:54:49.094870,CHOLAFIN,1218.16,17
2025-07-13T13:54:49.157105,ADANIGREEN,1993.57,71
2025-07-13T13:54:49.219510,ANKITMETAL,1789.13,17
2025-07-13T13:54:49.280842,DMART,1613.17,82
2025-07-13T13:54:49.342602,BLISSGVS,1961.46,54
2025-07-13T13:54:49.405064,BIKAJI,1003.1,19
2025-07-13T13:54:49.467300,5PAISA,1943.56,87
2025-07-13T13:54:49.530208,BAJAJCON,1465.55,9
2025-07-13T13:54:49.593663,ALOKINDS,1707.5,19
2025-07-13T13:54:49.654998,BASF,1446.43,55
2025-07-13T13:54:49.716562,ABINFRA,1537.24,26
2025-07-13T13:54:49.778602,CONTROLPR,1360.06,2
2025-07-13T13:54:49.842808,ARENTERP,1050.63,47
2025-07-13T13:54:49.904038,AEGISLOG,1127.64,62
2025-07-13T13:54:49.965782,CONCOR,1361.92,29
2025-07-13T13:54:50.027550,ATAM,1856.13,79
2025-07-13T13:54:50.089273,AEGISLOG,1127.84,84
2025-07-13T13:54:50.152523,AIROLAM,1635.09,85
2025-07-13T13:54:50.214372,DEEPAKNTR,1977.31,27
2025-07-13T13:54:50.276183,AMBICAAGAR,1286.67,95
2025-07-13T13:54:50.338855,BHARATSE,1012.48,80
2025-07-13T13:54:50.399535,CANFINHOME,1306.79,70
2025-07-13T13:54:50.460399,AJAXENGG,1214.14,36
2025-07-13T13:54:50.521466,CEATLTD,1099.73,33
2025-07-13T13:54:50.583651,DNAMEDIA,1121.79,27
2025-07-13T13:54:50.644824,AETHER,1767.25,35
2025-07-13T13:54:50.706329,DATAMATICS,1719.85,7
2025-07-13T13:54:50.768473,AMNPLST,1761.12,12
2025-07-13T13:54:50.830533,ARE&M,1630.79,3
2025-07-13T13:54:50.892543,AAKASH,1463.95,40
2025-07-13T13:54:50.954956,BEPL,1782.32,63
2025-07-13T13:54:51.016538,AFFLE,1892.04,83
2025-07-13T13:54:51.077935,CSLFINANCE,1972.55,33
2025-07-13T13:54:51.140835,AMBIKCO,1113.81,94
2025-07-13T13:54:51.201772,BOROSCI,1036.96,17
2025-07-13T13:54:51.263487,ARE&M,1630.69,87
2025-07-13T13:54:51.326169,CINEVISTA,1095.27,51
2025-07-13T13:54:51.388961,ASIANTILES,1994.75,52
2025-07-13T13:54:51.450095,ALPHAGEO,1628.0,99
2025-07-13T13:54:51.512198,DICIND,1279.48,10
2025-07-13T13:54:51.574289,CRAFTSMAN,1108.82,92
2025-07-13T13:54:51.638301,CYIENTDLM,1361.24,12
2025-07-13T13:54:51.700184,BORORENEW,1639.91,88
2025-07-13T13:54:51.762005,AARVEEDEN,1293.12,12
2025-07-13T13:54:51.827123,DIAMONDYD,1165.59,87
2025-07-13T13:54:51.890733,DATAPATTNS,1757.11,59
2025-07-13T13:54:51.948331,DENTA,1951.54,40
2025-07-13T13:54:52.010451,CROMPTON,1520.37,75
2025-07-13T13:54:52.072949,BANKBARODA,1695.35,77
2025-07-13T13:54:52.134737,BIRLACORPN,1374.04,66
2025-07-13T13:54:52.196502,APOLSINHOT,1436.74,37
2025-07-13T13:54:52.258632,AVTNPL,1075.06,63
2025-07-13T13:54:52.321099,AFFLE,1892.1,6
2025-07-13T13:54:52.382876,BHAGCHEM,1104.43,97
2025-07-13T13:54:52.444873,DHANUKA,1810.56,67
2025-07-13T13:54:52.507453,AKSHAR,1161.68,44
2025-07-13T13:54:52.569575,BOMDYEING,1722.93,65
2025-07-13T13:54:52.632697,CAPLIPOINT,1100.66,90
2025-07-13T13:54:52.694039,BLUEJET,1616.04,98
2025-07-13T13:54:52.755261,DIGJAMLMTD,1367.63,97
2025-07-13T13:54:52.816881,ADANIPOWER,1717.27,49
2025-07-13T13:54:52.879239,BHARATFORG,1851.94,91
2025-07-13T13:54:52.941039,ATGL,1641.85,77
2025-07-13T13:54:53.001923,BANARISUG,1246.19,60
2025-07-13T13:54:53.064128,BIL,1780.72,43
2025-07-13T13:54:53.126634,BBTC,1308.65,87
2025-07-13T13:54:53.187791,AFFORDABLE,1521.93,75
2025-07-13T13:54:53.250155,CESC,1467.06,6
2025-07-13T13:54:53.312722,BANCOINDIA,1843.66,64
2025-07-13T13:54:53.374618,COMPUSOFT,1528.32,80
2025-07-13T13:54:53.437779,DHARMAJ,1270.02,16
2025-07-13T13:54:53.499474,DMART,1613.37,93
2025-07-13T13:54:53.560756,COLPAL,1308.73,73
2025-07-13T13:54:53.622549,CYIENTDLM,1361.51,62
2025-07-13T13:54:53.685087,BDL,1775.87,12
2025-07-13T13:54:53.747381,COFFEEDAY,1024.66,91
2025-07-13T13:54:53.810800,CONCORDBIO,1306.61,3
2025-07-13T13:54:53.872668,BALAJITELE,1033.2,47
2025-07-13T13:54:53.935456,BAGFILMS,1451.24,92
2025-07-13T13:54:53.998482,BIOFILCHEM,1710.3,100
2025-07-13T13:54:54.060500,AEROFLEX,1062.57,100
2025-07-13T13:54:54.122466,ABINFRA,1536.92,34
2025-07-13T13:54:54.183885,ACI,1575.53,63
2025-07-13T13:54:54.245450,BEARDSELL,1756.89,13
2025-07-13T13:54:54.307335,ALOKINDS,1707.88,1
2025-07-13T13:54:54.368944,AFFORDABLE,1521.96,99
2025-07-13T13:54:54.430720,AARTIPHARM,1582.79,69
2025-07-13T13:54:54.492890,DBSTOCKBRO,1384.72,97
2025-07-13T13:54:54.554586,ANDHRAPAP,1170.05,36
2025-07-13T13:54:54.616095,ASPINWALL,1360.72,25
2025-07-13T13:54:54.678655,ABAN,1642.77,95
2025-07-13T13:54:54.741124,COROMANDEL,1434.23,37
2025-07-13T13:54:54.803188,BAFNAPH,1464.34,51
2025-07-13T13:54:54.865105,ASTRAMICRO,1903.76,26
2025-07-13T13:54:54.926966,APTUS,1710.66,96
2025-07-13T13:54:54.988855,ARCHIDPLY,1035.98,76
2025-07-13T13:54:55.051313,A2ZINFRA,1968.02,93
2025-07-13T13:54:55.113054,BANKINDIA,1659.91,32
2025-07-13T13:54:55.174502,DIGJAMLMTD,1367.85,60
2025-07-13T13:54:55.236061,AFCONS,1999.76,35
2025-07-13T13:54:55.297489,CARBORUNIV,1085.35,11
2025-07-13T13:54:55.359270,APOLSINHOT,1436.41,40
2025-07-13T13:54:55.420970,DNAMEDIA,1122.0,43
2025-07-13T13:54:55.482171,CHOLAHLDNG,1832.58,93
2025-07-13T13:54:55.544153,ARVIND,1771.75,45
2025-07-13T13:54:55.606285,DELTACORP,1093.02,28
2025-07-13T13:54:55.669099,ALEMBICLTD,1716.07,58
2025-07-13T13:54:55.731545,ATGL,1641.67,75
2025-07-13T13:54:55.793527,DIGIDRIVE,1255.7,66
2025-07-13T13:54:55.855972,ASAHIINDIA,1315.51,36
2025-07-13T13:54:55.918620,AMBUJACEM,1815.87,13
2025-07-13T13:54:55.981710,DIAMINESQ,1063.32,40
2025-07-13T13:54:56.044011,DJML,1071.59,35
2025-07-13T13:54:56.105470,AVL,1993.82,25
2025-07-13T13:54:56.166812,CLEDUCATE,1507.71,26
2025-07-13T13:54:56.230262,BSOFT,1934.16,17
2025-07-13T13:54:56.292413,COMSYN,1080.37,81
2025-07-13T13:54:56.355070,DICIND,1279.34,66
2025-07-13T13:54:56.416983,ADSL,1003.29,16
2025-07-13T13:54:56.479123,BECTORFOOD,1839.24,41
2025-07-13T13:54:56.541429,BARBEQUE,1333.76,20
2025-07-13T13:54:56.604324,CLSEL,1553.41,13
2025-07-13T13:54:56.666100,ALICON,1914.6,34
2025-07-13T13:54:56.729417,CGCL,1663.31,46
2025-07-13T13:54:56.792044,ADANIGREEN,1993.25,57
2025-07-13T13:54:56.854689,ABSLAMC,1443.85,85
2025-07-13T13:54:56.917909,AXISBANK,1951.83,34
2025-07-13T13:54:56.981130,AMRUTANJAN,1793.32,5
2025-07-13T13:54:57.043887,CONSOFINVT,1361.07,6
2025-07-13T13:54:57.105825,ADFFOODS,1898.54,94
2025-07-13T13:54:57.167504,DANGEE,1228.86,55
2025-07-13T13:54:57.230453,BRITANNIA,1169.99,19
2025-07-13T13:54:57.292680,ARROWGREEN,1430.25,95
2025-07-13T13:54:57.354194,BALPHARMA,1671.61,45
2025-07-13T13:54:57.416438,COASTCORP,1712.0,79
2025-07-13T13:54:57.478357,COCHINSHIP,1676.29,15
2025-07-13T13:54:57.540139,AJAXENGG,1214.37,3
2025-07-13T13:54:57.602691,ARIHANTSUP,1960.17,77
2025-07-13T13:54:57.665307,APOLLOTYRE,1411.1,13
2025-07-13T13:54:57.729003,BARBEQUE,1333.41,50
2025-07-13T13:54:57.791091,CROMPTON,1520.44,30
2025-07-13T13:54:57.853908,BAFNAPH,1464.84,25
2025-07-13T13:54:57.918140,BLUECOAST,1798.32,72
2025-07-13T13:54:57.982887,DCXINDIA,1391.22,48
2025-07-13T13:54:58.045630,APARINDS,1815.24,92
2025-07-13T13:54:58.118202,DELHIVERY,1124.17,39
2025-07-13T13:54:58.171451,BOROLTD,1512.31,55
2025-07-13T13:54:58.234456,CMSINFO,1110.65,83
2025-07-13T13:54:58.297650,AGI,1352.57,69
2025-07-13T13:54:58.360389,AFFLE,1892.42,76
2025-07-13T13:54:58.423121,COALINDIA,1528.92,33
2025-07-13T13:54:58.486148,BESTAGRO,1863.39,75
2025-07-13T13:54:58.548178,AGIIL,1920.79,10
2025-07-13T13:54:58.610189,CEIGALL,1898.98,83
2025-07-13T13:54:58.672233,ARENTERP,1050.48,76
2025-07-13T13:54:58.734568,ARIHANTSUP,1960.64,24
2025-07-13T13:54:58.796096,CENTENKA,1655.05,59
2025-07-13T13:54:58.859214,CHEMPLASTS,1962.19,72
2025-07-13T13:54:58.921969,APTUS,1710.2,91
2025-07-13T13:54:58.984669,CREATIVE,1047.43,100
2025-07-13T13:54:59.046606,BANKINDIA,1659.48,43
2025-07-13T13:54:59.108395,ADL,1733.5,55
2025-07-13T13:54:59.170509,AHLADA,1647.48,35
2025-07-13T13:54:59.232921,ARTEMISMED,1081.21,40
2025-07-13T13:54:59.293876,CANTABIL,1911.94,35
2025-07-13T13:54:59.355992,ANTGRAPHIC,1055.51,67
2025-07-13T13:54:59.418192,DBCORP,1660.91,46
2025-07-13T13:54:59.480850,BHAGCHEM,1104.3,38
2025-07-13T13:54:59.542992,BALKRISHNA,1780.83,62
2025-07-13T13:54:59.604716,CONFIPET,1124.45,13
2025-07-13T13:54:59.667359,ASALCBR,1558.34,73
2025-07-13T13:54:59.729557,AGSTRA,1680.76,22
2025-07-13T13:54:59.792011,ACCELYA,1882.55,57
2025-07-13T13:54:59.854584,AWHCL,1310.79,2
2025-07-13T13:54:59.916726,ARVSMART,1908.49,96
2025-07-13T13:54:59.978531,ASTRON,1096.67,85
2025-07-13T13:55:00.039876,COLPAL,1308.36,86
2025-07-13T13:55:00.102516,AVALON,1825.18,7
2025-07-13T13:55:00.164656,AARTIDRUGS,1523.84,29
2025-07-13T13:55:00.227395,DAMCAPITAL,1917.35,53
2025-07-13T13:55:00.290150,CREDITACC,1221.02,33
2025-07-13T13:55:00.352127,ARVSMART,1908.37,89
2025-07-13T13:55:00.413351,CREATIVEYE,1023.58,26
2025-07-13T13:55:00.474859,AHLEAST,1256.52,25
2025-07-13T13:55:00.536522,BALAJITELE,1033.43,29
2025-07-13T13:55:00.599206,AADHARHFC,1905.4,89
2025-07-13T13:55:00.660220,CYIENT,1923.9,36
2025-07-13T13:55:00.722486,BLUEDART,1800.38,58
2025-07-13T13:55:00.785140,CREATIVEYE,1023.61,48
2025-07-13T13:55:00.847732,AARVEEDEN,1293.04,3
2025-07-13T13:55:00.909403,DAMODARIND,1784.95,28
2025-07-13T13:55:00.971802,AUBANK,1048.72,38
2025-07-13T13:55:01.034974,ABFRL,1874.16,17
2025-07-13T13:55:01.096999,CLEDUCATE,1507.36,21
2025-07-13T13:55:01.158924,AVTNPL,1075.39,32
2025-07-13T13:55:01.222251,AGROPHOS,1057.15,37
2025-07-13T13:55:01.283836,AMBUJACEM,1815.4,28
2025-07-13T13:55:01.345670,CGPOWER,1836.25,53
2025-07-13T13:55:01.407516,CUPID,1226.87,59
2025-07-13T13:55:01.469933,ADVENZYMES,1003.69,81
2025-07-13T13:55:01.531934,BLACKBUCK,1225.87,54
2025-07-13T13:55:01.594401,ASHIANA,1079.77,74
2025-07-13T13:55:01.656369,CAPITALSFB,1923.72,5
2025-07-13T13:55:01.718704,63MOONS,1470.97,80
2025-07-13T13:55:01.780406,AVTNPL,1075.71,84
2025-07-13T13:55:01.842260,AVANTEL,1465.5,40
2025-07-13T13:55:01.904661,DHARMAJ,1269.65,75
2025-07-13T13:55:01.966369,ADANIGREEN,1993.32,31
2025-07-13T13:55:02.029383,AXITA,1789.85,92
2025-07-13T13:55:02.091252,ANANDRATHI,1435.57,51
2025-07-13T13:55:02.154095,BBOX,1027.82,93
2025-07-13T13:55:02.214928,ASALCBR,1557.89,90
2025-07-13T13:55:02.278259,DHANUKA,1810.72,20
2025-07-13T13:55:02.341285,DIFFNKG,1023.84,23
2025-07-13T13:55:02.404140,DIVGIITTS,1932.54,44
2025-07-13T13:55:02.466432,AARTIDRUGS,1523.95,15
2025-07-13T13:55:02.528604,DCBBANK,1860.77,21
2025-07-13T13:55:02.591367,ANKITMETAL,1789.43,10
2025-07-13T13:55:02.653458,CARERATING,1959.35,62
2025-07-13T13:55:02.715390,AIAENG,1781.11,51
2025-07-13T13:55:02.777697,DIXON,1469.35,92
2025-07-13T13:55:02.838717,CARYSIL,1637.23,81
2025-07-13T13:55:02.900726,CURAA,1094.25,82
2025-07-13T13:55:02.963108,BANARISUG,1246.12,56
2025-07-13T13:55:03.025047,BOHRAIND,1308.1,10
2025-07-13T13:55:03.088260,ARCHIDPLY,1035.57,30
2025-07-13T13:55:03.150454,BALAXI,1033.19,58
2025-07-13T13:55:03.213809,DJML,1071.52,30
2025-07-13T13:55:03.276960,ASAHIINDIA,1315.07,52
2025-07-13T13:55:03.339951,DMART,1613.49,37
2025-07-13T13:55:03.402348,BAJAJHFL,1443.88,81
2025-07-13T13:55:03.464393,CRISIL,1305.01,51
2025-07-13T13:55:03.526668,BANCOINDIA,1843.21,60
2025-07-13T13:55:03.588998,DABUR,1951.58,73
2025-07-13T13:55:03.651150,COMPUSOFT,1528.02,2
2025-07-13T13:55:03.713921,AWHCL,1310.98,49
2025-07-13T13:55:03.775131,DENORA,1773.47,27
2025-07-13T13:55:03.836868,CYBERTECH,1473.86,87
2025-07-13T13:55:03.898726,CONSOFINVT,1361.32,49
2025-07-13T13:55:03.962469,BALPHARMA,1671.64,15
2025-07-13T13:55:04.024362,ABFRL,1874.23,86
2025-07-13T13:55:04.085902,ARIHANTCAP,1551.3,1
2025-07-13T13:55:04.147874,AWL,1414.18,74
2025-07-13T13:55:04.210830,APOLLOTYRE,1411.07,44
2025-07-13T13:55:04.272562,AGARWALEYE,1144.94,74
2025-07-13T13:55:04.334980,DHANI,1825.52,89
2025-07-13T13:55:04.396603,DANGEE,1228.58,8
2025-07-13T13:55:04.458720,COMSYN,1080.06,20
2025-07-13T13:55:04.520642,BEARDSELL,1757.24,44
2025-07-13T13:55:04.581851,DATAMATICS,1719.67,2
2025-07-13T13:55:04.644306,AVADHSUGAR,1712.61,38
2025-07-13T13:55:04.706638,BLS,1295.77,47
2025-07-13T13:55:04.767778,BFUTILITIE,1559.44,83
2025-07-13T13:55:04.829889,ACMESOLAR,1267.65,46
2025-07-13T13:55:04.891248,BSHSL,1642.94,8
2025-07-13T13:55:04.953799,AEROENTER,1467.41,36
2025-07-13T13:55:05.016285,ACEINTEG,1630.39,30
2025-07-13T13:55:05.077931,ANKITMETAL,1789.85,53
2025-07-13T13:55:05.140799,BERGEPAINT,1946.72,39
2025-07-13T13:55:05.202556,ASHOKAMET,1655.83,44
2025-07-13T13:55:05.264645,AUTOAXLES,1068.05,76
2025-07-13T13:55:05.326894,BIRLANU,1691.23,48
2025-07-13T13:55:05.388412,BAJEL,1223.6,27
2025-07-13T13:55:05.450174,DEEPAKFERT,1756.98,32
2025-07-13T13:55:05.512361,CENTENKA,1654.76,18
2025-07-13T13:55:05.574371,ARENTERP,1050.03,87
2025-07-13T13:55:05.636766,BBTCL,1830.42,43
2025-07-13T13:55:05.698727,CYIENT,1923.68,5
2025-07-13T13:55:05.760767,AVANTEL,1465.39,77
2025-07-13T13:55:05.823033,CARYSIL,1637.69,42
2025-07-13T13:55:05.885024,CMSINFO,1111.13,79
2025-07-13T13:55:05.947625,BAJAJCON,1465.88,67
2025-07-13T13:55:06.009770,ANDHRAPAP,1170.15,24
2025-07-13T13:55:06.072591,ARVEE,1811.09,30
2025-07-13T13:55:06.135068,AAATECH,1653.37,4
2025-07-13T13:55:06.199342,BINANIIND,1577.39,21
2025-07-13T13:55:06.261676,APCOTEXIND,1529.73,75
2025-07-13T13:55:06.323475,CENTURYPLY,1327.39,39
2025-07-13T13:55:06.384622,BAJAJCON,1466.26,11
2025-07-13T13:55:06.446791,ALPA,1465.44,56
2025-07-13T13:55:06.508717,BOMDYEING,1722.58,24
2025-07-13T13:55:06.571206,ACL,1885.75,12
2025-07-13T13:55:06.634082,BORORENEW,1640.37,15
2025-07-13T13:55:06.697717,DELTAMAGNT,1353.41,88
2025-07-13T13:55:06.759316,BANKBARODA,1695.64,3
2025-07-13T13:55:06.823046,DGCONTENT,1656.61,99
2025-07-13T13:55:06.884082,ARIHANTSUP,1960.48,63
2025-07-13T13:55:06.946671,ACCELYA,1882.34,81
2025-07-13T13:55:07.009146,CARRARO,1570.14,67
2025-07-13T13:55:07.070294,DNAMEDIA,1121.98,89
2025-07-13T13:55:07.131734,CSBBANK,1167.95,78
2025-07-13T13:55:07.193282,AVTNPL,1076.02,10
2025-07-13T13:55:07.254513,BORORENEW,1639.92,73
2025-07-13T13:55:07.315980,DCXINDIA,1391.51,17
2025-07-13T13:55:07.378286,DIAMONDYD,1165.88,16
2025-07-13T13:55:07.441027,CIPLA,1627.01,43
2025-07-13T13:55:07.503440,ABREL,1727.79,99
2025-07-13T13:55:07.564770,DEEPAKFERT,1757.25,18
2025-07-13T13:55:07.627244,BIOFILCHEM,1709.89,92
2025-07-13T13:55:07.689346,BBTC,1308.25,69
2025-07-13T13:55:07.752669,DIL,1310.42,28
2025-07-13T13:55:07.815124,DEEPINDS,1439.95,42
2025-07-13T13:55:07.876812,CAMLINFINE,1676.98,46
2025-07-13T13:55:07.939455,BHARATWIRE,1245.71,6
2025-07-13T13:55:08.002839,BLACKBUCK,1225.67,31
2025-07-13T13:55:08.064471,ASHOKAMET,1655.66,56
2025-07-13T13:55:08.126814,CAPTRUST,1530.64,2
2025-07-13T13:55:08.188689,DCMSRIND,1120.83,80
2025-07-13T13:55:08.249930,COMSYN,1079.78,81
2025-07-13T13:55:08.312005,BALAJEE,1290.97,59
2025-07-13T13:55:08.373907,CHALET,1891.02,84
2025-07-13T13:55:08.436630,ADANIGREEN,1993.17,12
2025-07-13T13:55:08.497768,ADVENZYMES,1003.52,70
2025-07-13T13:55:08.560182,CERA,1362.6,47
2025-07-13T13:55:08.621136,ARCHIES,1708.23,51
2025-07-13T13:55:08.683221,BORANA,1926.28,63
2025-07-13T13:55:08.744257,BLUECOAST,1797.93,7
2025-07-13T13:55:08.806245,BOROSCI,1037.18,83
2025-07-13T13:55:08.867863,APCL,1692.73,98
2025-07-13T13:55:08.929487,AKUMS,1651.1,60
2025-07-13T13:55:08.990743,BPCL,1826.34,45
2025-07-13T13:55:09.053741,ARSSINFRA,1354.47,89
2025-07-13T13:55:09.115070,ABAN,1642.66,80
2025-07-13T13:55:09.176159,BLISSGVS,1961.51,15
2025-07-13T13:55:09.238287,CGPOWER,1836.69,79
2025-07-13T13:55:09.299280,63MOONS,1470.68,96
2025-07-13T13:55:09.360185,ASHOKAMET,1655.17,94
2025-07-13T13:55:09.421292,BANCOINDIA,1842.78,7
2025-07-13T13:55:09.482683,AMBER,1401.27,2
2025-07-13T13:55:09.544818,ANTGRAPHIC,1055.18,28
2025-07-13T13:55:09.606258,ARENTERP,1050.26,31
2025-07-13T13:55:09.667817,CREST,1985.43,68
2025-07-13T13:55:09.729682,CONFIPET,1124.55,24
2025-07-13T13:55:09.792517,AARON,1693.27,67
2025-07-13T13:55:09.854071,AVL,1993.51,2
2025-07-13T13:55:09.916286,ABMINTLLTD,1668.64,48
2025-07-13T13:55:09.977122,ATGL,1642.03,64
2025-07-13T13:55:10.039621,ASTRAMICRO,1904.06,19
2025-07-13T13:55:10.102218,CINEVISTA,1094.87,50
2025-07-13T13:55:10.164449,AXISBANK,1951.96,38
2025-07-13T13:55:10.227237,DODLA,1474.62,74
2025-07-13T13:55:10.290616,DENTA,1951.13,91
2025-07-13T13:55:10.353470,ALBERTDAVD,1031.4,4
2025-07-13T13:55:10.414705,CANTABIL,1911.97,35
2025-07-13T13:55:10.477228,BROOKS,1075.42,31
2025-07-13T13:55:10.538779,DBREALTY,1420.14,63
2025-07-13T13:55:10.601122,ASTRON,1096.46,73
2025-07-13T13:55:10.663615,CAPTRUST,1530.85,63
2025-07-13T13:55:10.726603,DCI,1144.72,16
2025-07-13T13:55:10.790216,ASIANENE,1774.71,74
2025-07-13T13:55:10.851042,ANMOL,1164.75,58
2025-07-13T13:55:10.912796,BALPHARMA,1671.58,12
2025-07-13T13:55:10.975390,CCCL,1984.95,90
2025-07-13T13:55:11.037813,ABLBL,1966.36,22
2025-07-13T13:55:11.099391,APCOTEXIND,1530.07,54
2025-07-13T13:55:11.162369,BANKA,1346.29,90
2025-07-13T13:55:11.224582,AURUM,1738.9,51
2025-07-13T13:55:11.287135,ALOKINDS,1708.33,82
2025-07-13T13:55:11.348973,AMJLAND,1657.28,29
2025-07-13T13:55:11.411691,ALKEM,1676.53,35
2025-07-13T13:55:11.473952,AHLUCONT,1839.13,34
2025-07-13T13:55:11.534930,BLUECOAST,1797.89,32
2025-07-13T13:55:11.597004,APOLLOTYRE,1411.38,4
2025-07-13T13:55:11.659215,CREATIVE,1047.44,13
2025-07-13T13:55:11.721658,CROMPTON,1520.63,89
2025-07-13T13:55:11.783711,CTE,1043.65,55
2025-07-13T13:55:11.846038,CHOLAFIN,1217.83,47
2025-07-13T13:55:11.907991,CELEBRITY,1585.99,31
2025-07-13T13:55:11.970077,CURAA,1094.4,18
2025-07-13T13:55:12.031420,BORANA,1926.42,79
2025-07-13T13:55:12.093516,ASHOKAMET,1654.85,88
2025-07-13T13:55:12.156099,AGSTRA,1680.29,22
2025-07-13T13:55:12.217514,BAJAJFINSV,1469.15,35
2025-07-13T13:55:12.279265,BTML,1046.29,13
2025-07-13T13:55:12.340913,APOLLOTYRE,1411.33,16
2025-07-13T13:55:12.402923,DBSTOCKBRO,1384.27,73
2025-07-13T13:55:12.466630,BAJAJHLDNG,1061.15,41
2025-07-13T13:55:12.529118,BAJAJHFL,1443.73,44
2025-07-13T13:55:12.590725,COFFEEDAY,1024.72,10
2025-07-13T13:55:12.653723,ALKEM,1676.94,47
2025-07-13T13:55:12.716337,BAIDFIN,1625.23,39
2025-07-13T13:55:12.778623,DIGIDRIVE,1255.6,77
2025-07-13T13:55:12.840186,63MOONS,1470.67,42
2025-07-13T13:55:12.903712,ASHOKLEY,1899.02,33
2025-07-13T13:55:12.967179,BHAGCHEM,1104.63,24
2025-07-13T13:55:13.031281,BAJAJFINSV,1469.18,11
2025-07-13T13:55:13.094368,DBEIL,1630.84,6
2025-07-13T13:55:13.155512,CAPTRUST,1531.27,61
2025-07-13T13:55:13.218491,ACCELYA,1882.26,10
2025-07-13T13:55:13.281203,BORANA,1926.91,1
2025-07-13T13:55:13.342898,ARSSINFRA,1354.5,92
2025-07-13T13:55:13.405509,63MOONS,1470.36,69
2025-07-13T13:55:13.468486,CIPLA,1626.89,55
2025-07-13T13:55:13.530259,BGRENERGY,1474.71,26
2025-07-13T13:55:13.592821,ANTGRAPHIC,1055.29,20
2025-07-13T13:55:13.654415,CHOLAHLDNG,1832.69,24
2025-07-13T13:55:13.717825,APOLLOHOSP,1601.61,21
2025-07-13T13:55:13.780767,BHARATSE,1012.44,42
2025-07-13T13:55:13.842709,ADANIPORTS,1373.35,44
2025-07-13T13:55:13.904703,5PAISA,1943.27,8
2025-07-13T13:55:13.967603,DCMFINSERV,1642.96,92
2025-07-13T13:55:14.029414,BHARATFORG,1852.0,18
2025-07-13T13:55:14.093154,CIEINDIA,1264.82,99
2025-07-13T13:55:14.154380,CARERATING,1958.88,32
2025-07-13T13:55:14.215192,CIFL,1078.13,29
2025-07-13T13:55:14.278311,BTML,1046.08,63
2025-07-13T13:55:14.340349,BSE,1546.68,36
2025-07-13T13:55:14.403524,ALKYLAMINE,1574.2,16
2025-07-13T13:55:14.466149,ANANDRATHI,1435.16,66
2025-07-13T13:55:14.528487,ARTNIRMAN,1365.11,59
2025-07-13T13:55:14.589658,BLUECOAST,1797.98,95
2025-07-13T13:55:14.652591,BASML,1707.77,51
2025-07-13T13:55:14.714965,ARSHIYA,1175.31,7
2025-07-13T13:55:14.778337,ABBOTINDIA,1268.14,80
2025-07-13T13:55:14.840727,AMJLAND,1657.29,15
2025-07-13T13:55:14.902595,DAMCAPITAL,1917.51,2
2025-07-13T13:55:14.964566,CESC,1466.59,27
2025-07-13T13:55:15.027026,AUTOAXLES,1067.81,4
2025-07-13T13:55:15.089645,ATALREAL,1280.98,98
2025-07-13T13:55:15.153287,BALKRISHNA,1781.3,48
2025-07-13T13:55:15.215390,ALPA,1465.51,4
2025-07-13T13:55:15.276841,DHANUKA,1811.01,64
2025-07-13T13:55:15.338241,AKSHAR,1161.77,70
2025-07-13T13:55:15.399055,CELLO,1094.2,84
2025-07-13T13:55:15.461143,BUTTERFLY,1635.43,51
2025-07-13T13:55:15.522345,COSMOFIRST,1551.9,27
2025-07-13T13:55:15.585050,APCOTEXIND,1529.99,25
2025-07-13T13:55:15.647490,ARTNIRMAN,1365.22,26
2025-07-13T13:55:15.709731,BALAXI,1033.05,41
2025-07-13T13:55:15.772799,BROOKS,1075.61,37
2025-07-13T13:55:15.834536,CONCOR,1361.84,75
2025-07-13T13:55:15.895879,BFUTILITIE,1559.44,28
2025-07-13T13:55:15.957780,DIGJAMLMTD,1367.35,64
2025-07-13T13:55:16.020402,DCMSRIND,1120.92,93
2025-07-13T13:55:16.082274,CAMS,1746.78,62
2025-07-13T13:55:16.143562,AMDIND,1718.89,70
2025-07-13T13:55:16.206423,DEEPINDS,1440.1,79
2025-07-13T13:55:16.269019,AAREYDRUGS,1571.68,90
2025-07-13T13:55:16.330136,BALKRISIND,1937.15,89
2025-07-13T13:55:16.392570,AFIL,1694.36,20
2025-07-13T13:55:16.453679,DIGJAMLMTD,1367.17,20
2025-07-13T13:55:16.514792,DIVGIITTS,1932.11,90
2025-07-13T13:55:16.578040,BRNL,1450.74,8
2025-07-13T13:55:16.641053,AKSHARCHEM,1643.95,69
2025-07-13T13:55:16.701494,COSMOFIRST,1551.82,34
2025-07-13T13:55:16.764205,BHAGYANGR,1661.3,84
2025-07-13T13:55:16.827521,ASAHISONG,1695.17,65
2025-07-13T13:55:16.888741,CANFINHOME,1307.18,16
2025-07-13T13:55:16.950154,APLAPOLLO,1900.5,99
2025-07-13T13:55:17.011456,BUTTERFLY,1635.09,70
2025-07-13T13:55:17.073046,CHEVIOT,1617.98,81
2025-07-13T13:55:17.134454,AMNPLST,1760.85,16
2025-07-13T13:55:17.197148,ADANIENSOL,1627.29,28
2025-07-13T13:55:17.258394,ARVEE,1811.18,18
2025-07-13T13:55:17.319814,BIRLAMONEY,1338.04,38
2025-07-13T13:55:17.381804,CENTENKA,1654.95,4
2025-07-13T13:55:17.444535,BLUESTARCO,1521.08,2
2025-07-13T13:55:17.505855,ACCURACY,1756.35,59
2025-07-13T13:55:17.568722,APCL,1692.37,18
2025-07-13T13:55:17.630185,ACUTAAS,1886.25,69
2025-07-13T13:55:17.692596,BLS,1296.23,23
2025-07-13T13:55:17.754983,CYIENTDLM,1361.01,80
2025-07-13T13:55:17.817182,ACL,1886.09,90
2025-07-13T13:55:17.880378,APOLLO,1888.02,43
2025-07-13T13:55:17.942204,DELTACORP,1092.89,60
2025-07-13T13:55:18.004239,BIRLACORPN,1374.04,60
2025-07-13T13:55:18.066678,BHARATSE,1012.43,40
2025-07-13T13:55:18.129860,APTUS,1709.82,56
2025-07-13T13:55:18.192351,AGROPHOS,1056.8,62
2025-07-13T13:55:18.254844,ALIVUS,1816.62,7
2025-07-13T13:55:18.317128,AKZOINDIA,1085.89,60
2025-07-13T13:55:18.379911,ARVSMART,1908.59,88
2025-07-13T13:55:18.441829,AIIL,1346.82,81
2025-07-13T13:55:18.503126,BEPL,1782.1,19
2025-07-13T13:55:18.565952,ATHERENERG,1375.62,47
2025-07-13T13:55:18.627342,AMBIKCO,1113.55,99
2025-07-13T13:55:18.688420,AVTNPL,1075.79,93
2025-07-13T13:55:18.750265,BALAXI,1032.76,52
2025-07-13T13:55:18.813189,BBTCL,1830.13,16
2025-07-13T13:55:18.876281,ARVIND,1771.9,97
2025-07-13T13:55:18.939399,AMBIKCO,1113.89,88
2025-07-13T13:55:19.001750,BANG,1631.96,15
2025-07-13T13:55:19.064599,AROGRANITE,1143.04,50
2025-07-13T13:55:19.127461,20MICRONS,1065.08,58
2025-07-13T13:55:19.190114,AAVAS,1781.85,89
2025-07-13T13:55:19.251882,ADANIENSOL,1627.25,4
2025-07-13T13:55:19.313364,CAMLINFINE,1677.19,52
2025-07-13T13:55:19.375309,ACCELYA,1882.46,1
2025-07-13T13:55:19.437407,AKASH,1594.1,7
2025-07-13T13:55:19.499323,CHALET,1891.34,37
2025-07-13T13:55:19.561169,ATGL,1641.77,70
2025-07-13T13:55:19.622833,CCCL,1985.14,54
2025-07-13T13:55:19.685259,BLAL,1992.07,5
2025-07-13T13:55:19.748178,ASAHIINDIA,1314.7,100
2025-07-13T13:55:19.809499,ABB,1920.41,34
2025-07-13T13:55:19.871320,BHAGERIA,1126.83,44
2025-07-13T13:55:19.933012,DODLA,1474.61,66
2025-07-13T13:55:19.994255,DAMCAPITAL,1917.73,70
2025-07-13T13:55:20.056261,DGCONTENT,1656.27,86
2025-07-13T13:55:20.118400,BAGFILMS,1451.68,28
2025-07-13T13:55:20.180413,BLBLIMITED,1291.4,13
2025-07-13T13:55:20.242995,ALMONDZ,1745.53,36
2025-07-13T13:55:20.304062,BAJAJHIND,1950.03,72
2025-07-13T13:55:20.366587,BYKE,1007.45,50
2025-07-13T13:55:20.427795,APARINDS,1815.07,80
2025-07-13T13:55:20.488812,APLAPOLLO,1900.85,89
2025-07-13T13:55:20.550920,ADVANIHOTR,1554.54,7
2025-07-13T13:55:20.612526,DENTA,1951.15,88
2025-07-13T13:55:20.674236,DICIND,1279.76,64
2025-07-13T13:55:20.735587,BIRLAMONEY,1338.29,76
2025-07-13T13:55:20.797671,AFIL,1693.97,25
2025-07-13T13:55:20.860236,CAMLINFINE,1677.49,31
2025-07-13T13:55:20.921864,BOROSCI,1036.77,22
2025-07-13T13:55:20.989369,BAYERCROP,1424.6,40
2025-07-13T13:55:21.046833,AVANTIFEED,1903.37,9
2025-07-13T13:55:21.108077,APLLTD,1831.62,48
2025-07-13T13:55:21.170744,ADANIPOWER,1716.95,46
2025-07-13T13:55:21.233424,BIGBLOC,1359.14,76
2025-07-13T13:55:21.295935,CUPID,1226.87,84
2025-07-13T13:55:21.358840,AARTECH,1962.79,37
2025-07-13T13:55:21.421772,ANDHRSUGAR,1510.73,84
2025-07-13T13:55:21.483452,ABDL,1316.32,17
2025-07-13T13:55:21.545494,BALUFORGE,1430.67,64
2025-07-13T13:55:21.606834,COALINDIA,1528.46,64
2025-07-13T13:55:21.668853,DHAMPURSUG,1062.44,71
2025-07-13T13:55:21.730756,BIL,1781.21,64
2025-07-13T13:55:21.793037,BALKRISHNA,1781.67,20
2025-07-13T13:55:21.855088,CTE,1043.29,19
2025-07-13T13:55:21.916463,ANDHRSUGAR,1511.1,9
2025-07-13T13:55:21.978652,AMBICAAGAR,1286.8,11
2025-07-13T13:55:22.041048,ANDHRSUGAR,1510.98,76
2025-07-13T13:55:22.102875,ANANTRAJ,1456.54,97
2025-07-13T13:55:22.165808,BAJAJHFL,1443.67,85
2025-07-13T13:55:22.227578,AXISBANK,1952.23,59
2025-07-13T13:55:22.289766,ALKALI,1375.48,38
2025-07-13T13:55:22.352875,AMBICAAGAR,1286.35,19
2025-07-13T13:55:22.415477,CYIENT,1923.86,76
2025-07-13T13:55:22.478086,BALRAMCHIN,1917.39,12
2025-07-13T13:55:22.541166,AMBUJACEM,1815.69,55
2025-07-13T13:55:22.603430,BLAL,1992.02,99
2025-07-13T13:55:22.664954,BALAXI,1032.5,8
2025-07-13T13:55:22.726836,CGCL,1663.14,38
2025-07-13T13:55:22.789533,BIRLANU,1691.17,75
2025-07-13T13:55:22.851302,AARTISURF,1540.53,91
2025-07-13T13:55:22.914329,ACC,1905.5,48
2025-07-13T13:55:22.977329,CARTRADE,1712.05,69
2025-07-13T13:55:23.039824,ASTEC,1482.77,10
2025-07-13T13:55:23.102534,APLLTD,1831.48,3
2025-07-13T13:55:23.166271,BSHSL,1643.31,27
2025-07-13T13:55:23.229390,ASHOKAMET,1654.68,70
2025-07-13T13:55:23.290953,ASIANTILES,1994.87,68
2025-07-13T13:55:23.352656,AUSOMENT,1793.55,35
2025-07-13T13:55:23.416583,ADANIPORTS,1373.73,73
2025-07-13T13:55:23.478170,CCHHL,1482.24,73
2025-07-13T13:55:23.539825,CAPITALSFB,1923.31,11
2025-07-13T13:55:23.601855,ATLANTAA,1332.52,87
2025-07-13T13:55:23.663664,BPL,1821.12,91
2025-07-13T13:55:23.726328,ADANIENT,1278.98,48
2025-07-13T13:55:23.788043,DEEPAKFERT,1757.14,4
2025-07-13T13:55:23.849287,BLUESTARCO,1521.42,33
2025-07-13T13:55:23.911039,BLKASHYAP,1873.81,82
2025-07-13T13:55:23.972786,ALOKINDS,1707.88,34
2025-07-13T13:55:24.035478,ALOKINDS,1708.11,78
2025-07-13T13:55:24.097267,CLSEL,1553.18,67
2025-07-13T13:55:24.158907,BANKINDIA,1659.16,63
2025-07-13T13:55:24.221592,DEN,1910.05,43
2025-07-13T13:55:24.284243,3IINFOLTD,1908.46,73
2025-07-13T13:55:24.346153,DGCONTENT,1655.96,84
2025-07-13T13:55:24.408068,ASTRAZEN,1766.01,3
2025-07-13T13:55:24.469565,CSLFINANCE,1972.25,8
2025-07-13T13:55:24.530689,ARTNIRMAN,1365.0,60
2025-07-13T13:55:24.592890,ARCHIDPLY,1035.14,71
2025-07-13T13:55:24.654708,BASML,1708.04,15
2025-07-13T13:55:24.716664,BANSWRAS,1116.29,44
2025-07-13T13:55:24.778669,CEATLTD,1099.84,34
2025-07-13T13:55:24.840284,CERA,1362.39,49
2025-07-13T13:55:24.901851,AIAENG,1781.57,82
2025-07-13T13:55:24.963840,CLEDUCATE,1507.65,23
2025-07-13T13:55:25.025501,DCBBANK,1861.01,8
2025-07-13T13:55:25.087343,ADOR,1018.68,68
2025-07-13T13:55:25.148883,AFFLE,1892.16,13
2025-07-13T13:55:25.211586,AARTECH,1963.17,90
2025-07-13T13:55:25.273220,AJANTPHARM,1618.05,1
2025-07-13T13:55:25.335567,BAJAJCON,1466.14,39
2025-07-13T13:55:25.397677,CREDITACC,1220.9,36
2025-07-13T13:55:25.460009,AUSOMENT,1793.61,24
2025-07-13T13:55:25.522125,BLAL,1992.16,97
2025-07-13T13:55:25.583317,BIRLACABLE,1598.99,50
2025-07-13T13:55:25.645514,BDL,1775.81,5
2025-07-13T13:55:25.707614,AMBIKCO,1114.07,70
2025-07-13T13:55:25.769517,AEROENTER,1467.72,76
2025-07-13T13:55:25.830625,ARVSMART,1908.17,53
2025-07-13T13:55:25.893265,ADVANIHOTR,1554.77,69
2025-07-13T13:55:25.959542,CIEINDIA,1264.51,72
2025-07-13T13:55:26.018079,A2ZINFRA,1967.87,45
2025-07-13T13:55:26.080352,ANUP,1105.55,83
2025-07-13T13:55:26.140729,BLISSGVS,1961.73,8
2025-07-13T13:55:26.203259,BIRLACORPN,1374.36,68
2025-07-13T13:55:26.264540,ARIHANTCAP,1551.26,64
2025-07-13T13:55:26.326823,ADANIPOWER,1716.92,38
2025-07-13T13:55:26.388977,DIXON,1469.46,22
2025-07-13T13:55:26.450354,ASKAUTOLTD,1321.56,7
2025-07-13T13:55:26.512978,CHALET,1891.34,84
2025-07-13T13:55:26.576109,ARKADE,1880.22,41
2025-07-13T13:55:26.637613,AAKASH,1463.45,19
2025-07-13T13:55:26.700824,BYKE,1007.45,20
2025-07-13T13:55:26.763017,BODALCHEM,1758.75,52
2025-07-13T13:55:26.826229,APCOTEXIND,1529.89,18
2025-07-13T13:55:26.889156,63MOONS,1470.51,30
2025-07-13T13:55:26.950966,BAJAJFINSV,1469.42,62
2025-07-13T13:55:27.013203,DMART,1613.4,96
2025-07-13T13:55:27.076681,CUMMINSIND,1584.91,74
2025-07-13T13:55:27.138568,DIXON,1469.69,69
2025-07-13T13:55:27.200997,ARVIND,1771.69,40
2025-07-13T13:55:27.263300,BLACKBUCK,1225.8,67
2025-07-13T13:55:27.326320,CELEBRITY,1585.83,39
2025-07-13T13:55:27.388432,CONSOFINVT,1361.3,29
2025-07-13T13:55:27.450798,CONCOR,1361.92,75
2025-07-13T13:55:27.513444,AAVAS,1781.48,51
2025-07-13T13:55:27.574766,CREDITACC,1220.81,37
2025-07-13T13:55:27.637406,BALAJEE,1290.81,38
2025-07-13T13:55:27.700020,ABBOTINDIA,1267.83,41
2025-07-13T13:55:27.761632,ALKALI,1375.16,19
2025-07-13T13:55:27.823810,AIIL,1347.27,80
2025-07-13T13:55:27.886207,ALICON,1915.1,37
2025-07-13T13:55:27.947913,AVONMORE,1774.31,26
2025-07-13T13:55:28.010834,ASAL,1840.24,26
2025-07-13T13:55:28.073700,CDSL,1519.02,97
2025-07-13T13:55:28.135536,CGPOWER,1837.02,61
2025-07-13T13:55:28.197915,ACUTAAS,1885.9,26
2025-07-13T13:55:28.260133,ARCHIDPLY,1035.28,7
2025-07-13T13:55:28.321826,BOMDYEING,1722.63,78
2025-07-13T13:55:28.384228,DLINKINDIA,1064.87,9
2025-07-13T13:55:28.446079,COCHINSHIP,1676.44,75
2025-07-13T13:55:28.508726,BOHRAIND,1307.78,95
2025-07-13T13:55:28.571726,CUBEXTUB,1492.75,21
2025-07-13T13:55:28.634528,ACUTAAS,1885.4,78
2025-07-13T13:55:28.696455,CLSEL,1553.43,21
2025-07-13T13:55:28.759826,DODLA,1474.27,68
2025-07-13T13:55:28.821742,DBSTOCKBRO,1384.13,27
2025-07-13T13:55:28.883685,DEEPAKNTR,1977.27,5
2025-07-13T13:55:28.946551,BANKINDIA,1659.28,43
2025-07-13T13:55:29.007791,ADOR,1018.39,68
2025-07-13T13:55:29.070015,CEREBRAINT,1808.48,61
2025-07-13T13:55:29.131701,AMNPLST,1761.19,69
2025-07-13T13:55:29.193744,BATAINDIA,1856.43,33
2025-07-13T13:55:29.255086,CCCL,1985.46,63
2025-07-13T13:55:29.316646,DHANUKA,1811.28,46
2025-07-13T13:55:29.378486,DHARAN,1603.84,11
2025-07-13T13:55:29.440869,ARE&M,1630.52,83
2025-07-13T13:55:29.502865,ANSALAPI,1325.03,66
2025-07-13T13:55:29.565671,DMCC,1095.99,80
2025-07-13T13:55:29.627301,AAVAS,1781.44,89
2025-07-13T13:55:29.689908,BIRLAMONEY,1337.8,23
2025-07-13T13:55:29.751591,AGARIND,1005.68,86
2025-07-13T13:55:29.813808,DIACABS,1907.97,86
2025-07-13T13:55:29.875911,BLACKBUCK,1225.9,92
2025-07-13T13:55:29.938698,AKSHARCHEM,1644.05,44
2025-07-13T13:55:30.000613,BLSE,1497.92,45
2025-07-13T13:55:30.061859,DISHTV,1844.1,22
2025-07-13T13:55:30.123656,ARVEE,1811.59,55
2025-07-13T13:55:30.185260,COASTCORP,1712.36,98
2025-07-13T13:55:30.248258,AMBUJACEM,1816.11,42
2025-07-13T13:55:30.310052,BORORENEW,1640.41,46
2025-07-13T13:55:30.372701,ALLCARGO,1954.39,86
2025-07-13T13:55:30.434551,CERA,1362.34,14
2025-07-13T13:55:30.496999,DMCC,1096.26,55
2025-07-13T13:55:30.560398,3PLAND,1914.94,53
2025-07-13T13:55:30.622264,DHARAN,1604.25,29
2025-07-13T13:55:30.683688,ATLANTAA,1332.66,27
2025-07-13T13:55:30.746416,DAMODARIND,1784.67,5
2025-07-13T13:55:30.808443,BIL,1781.27,64
2025-07-13T13:55:30.871759,CAMS,1746.42,100
2025-07-13T13:55:30.933357,AVROIND,1961.18,88
2025-07-13T13:55:30.995075,BLUEJET,1616.12,81
2025-07-13T13:55:31.059016,ALICON,1915.04,34
2025-07-13T13:55:31.122319,CLSEL,1553.08,18
2025-07-13T13:55:31.183344,BAYERCROP,1425.0,99
2025-07-13T13:55:31.245410,DBCORP,1661.22,21
2025-07-13T13:55:31.308395,AUTOIND,1476.73,19
2025-07-13T13:55:31.370092,BLAL,1992.03,11
2025-07-13T13:55:31.431300,ACL,1885.83,70
2025-07-13T13:55:31.494498,BLISSGVS,1962.16,53
2025-07-13T13:55:31.555952,CGPOWER,1837.18,47
2025-07-13T13:55:31.617698,BALRAMCHIN,1917.13,69
2025-07-13T13:55:31.679876,AVROIND,1961.26,31
2025-07-13T13:55:31.742423,CARERATING,1958.59,4
2025-07-13T13:55:31.804378,CUPID,1226.65,4
2025-07-13T13:55:31.866148,DIVGIITTS,1931.9,72
2025-07-13T13:55:31.929140,AFFLE,1892.62,8
2025-07-13T13:55:31.991312,ABINFRA,1537.01,18
2025-07-13T13:55:32.053418,3IINFOLTD,1908.3,4
2025-07-13T13:55:32.114298,BCONCEPTS,1512.44,90
2025-07-13T13:55:32.177344,DHUNINV,1645.02,36
2025-07-13T13:55:32.240370,DENTA,1951.08,47
2025-07-13T13:55:32.301956,ALPHAGEO,1628.35,63
2025-07-13T13:55:32.364197,AMBICAAGAR,1286.23,57
2025-07-13T13:55:32.426529,AUROPHARMA,1546.14,8
2025-07-13T13:55:32.489351,BIRLACABLE,1598.74,49
2025-07-13T13:55:32.552972,BANARISUG,1245.75,22
2025-07-13T13:55:32.614448,DEEPINDS,1439.7,17
2025-07-13T13:55:32.675502,ARKADE,1880.71,13
2025-07-13T13:55:32.737884,DIVISLAB,1798.71,94
2025-07-13T13:55:32.798922,APOLSINHOT,1436.75,11
2025-07-13T13:55:32.861493,AWL,1413.89,40
2025-07-13T13:55:32.925484,AIAENG,1781.09,49
2025-07-13T13:55:32.987926,360ONE,1500.34,51
2025-07-13T13:55:33.049904,COASTCORP,1712.42,43
2025-07-13T13:55:33.111981,ACUTAAS,1885.22,1
2025-07-13T13:55:33.174231,AGRITECH,1355.91,54
2025-07-13T13:55:33.235972,BLUSPRING,1648.49,8
2025-07-13T13:55:33.299613,CYIENTDLM,1361.11,63
2025-07-13T13:55:33.362300,ALANKIT,1741.26,10
2025-07-13T13:55:33.425893,BAIDFIN,1625.38,63
2025-07-13T13:55:33.491984,BAJAJHIND,1950.44,41
2025-07-13T13:55:33.554381,ALKEM,1676.54,79
2025-07-13T13:55:33.616113,BALRAMCHIN,1917.61,34
2025-07-13T13:55:33.678059,BINANIIND,1576.9,99
2025-07-13T13:55:33.740144,BANCOINDIA,1842.75,30
2025-07-13T13:55:33.802328,DHARAN,1603.94,71
2025-07-13T13:55:33.865363,ASTEC-RE,1270.2,8
2025-07-13T13:55:33.927827,DAMODARIND,1784.41,27
2025-07-13T13:55:33.990734,BEL,1772.46,40
2025-07-13T13:55:34.053661,BANSWRAS,1116.16,29
2025-07-13T13:55:34.116051,ARTNIRMAN,1364.78,54
2025-07-13T13:55:34.177771,ACC,1905.95,39
2025-07-13T13:55:34.239311,BSE,1546.65,29
2025-07-13T13:55:34.301239,BECTORFOOD,1838.81,65
2025-07-13T13:55:34.364319,BALRAMCHIN,1917.87,35
2025-07-13T13:55:34.425778,DEEDEV,1320.99,74
2025-07-13T13:55:34.487985,CREDITACC,1220.69,6
2025-07-13T13:55:34.550290,AARTECH,1962.68,22
2025-07-13T13:55:34.613226,BUTTERFLY,1635.18,65
2025-07-13T13:55:34.674052,DLF,1626.72,29
2025-07-13T13:55:34.736504,BALPHARMA,1671.88,58
2025-07-13T13:55:34.797271,AUSOMENT,1793.11,60
2025-07-13T13:55:34.858805,ACMESOLAR,1267.18,40
2025-07-13T13:55:34.921378,COMPINFO,1379.45,89
2025-07-13T13:55:34.984339,CYBERMEDIA,1899.72,60
2025-07-13T13:55:35.046637,ARSSINFRA,1354.4,38
2025-07-13T13:55:35.108772,DELTAMAGNT,1353.39,99
2025-07-13T13:55:35.171532,CUB,1036.78,13
2025-07-13T13:55:35.233308,CENTRALBK,1687.89,94
2025-07-13T13:55:35.294935,ANTGRAPHIC,1055.38,88
2025-07-13T13:55:35.358183,ABLBL,1966.22,65
2025-07-13T13:55:35.420916,ASPINWALL,1360.23,10
2025-07-13T13:55:35.483592,BEML,1279.43,96
2025-07-13T13:55:35.546581,COASTCORP,1712.54,70
2025-07-13T13:55:35.607934,CENTUM,1695.2,38
2025-07-13T13:55:35.670746,AFFORDABLE,1522.18,19
2025-07-13T13:55:35.733559,AFSL,1228.88,7
2025-07-13T13:55:35.795760,BSOFT,1934.13,16
2025-07-13T13:55:35.857665,BIOCON,1457.34,48
2025-07-13T13:55:35.918763,BGRENERGY,1474.93,43
2025-07-13T13:55:35.980585,AUTOAXLES,1067.45,18
2025-07-13T13:55:36.042505,DHANI,1825.3,81
2025-07-13T13:55:36.103689,AKSHOPTFBR,1132.93,41
2025-07-13T13:55:36.166153,ATLANTAA,1332.9,28
2025-07-13T13:55:36.227506,CANTABIL,1912.38,66
2025-07-13T13:55:36.289849,ASALCBR,1557.71,1
2025-07-13T13:55:36.351735,BORANA,1926.89,79
2025-07-13T13:55:36.414829,AJANTPHARM,1618.41,91
2025-07-13T13:55:36.476614,ANURAS,1153.9,67
2025-07-13T13:55:36.538915,BAJAJHIND,1950.36,33
2025-07-13T13:55:36.602484,AKUMS,1651.39,4
2025-07-13T13:55:36.664375,DLF,1626.49,41
2025-07-13T13:55:36.725611,BBTCL,1829.87,93
2025-07-13T13:55:36.788106,ANSALAPI,1325.49,2
2025-07-13T13:55:36.850276,BAJEL,1224.08,54
2025-07-13T13:55:36.912981,CHENNPETRO,1205.09,2
2025-07-13T13:55:36.975469,DIGISPICE,1611.24,51
2025-07-13T13:55:37.036947,AKI,1075.43,87
2025-07-13T13:55:37.098402,CANFINHOME,1306.97,36
2025-07-13T13:55:37.161542,BALKRISIND,1936.85,93
2025-07-13T13:55:37.223435,ADANIENT,1279.03,83
2025-07-13T13:55:37.286245,CEWATER,1645.68,10
2025-07-13T13:55:37.349713,DENTA,1950.77,19
2025-07-13T13:55:37.411966,ASHIANA,1079.48,68
2025-07-13T13:55:37.473973,DCMFINSERV,1643.16,5
2025-07-13T13:55:37.536036,CGCL,1662.82,84
2025-07-13T13:55:37.596957,BLBLIMITED,1291.68,55
2025-07-13T13:55:37.660396,ASIANTILES,1994.55,71
2025-07-13T13:55:37.721994,CENTENKA,1654.96,57
2025-07-13T13:55:37.784028,21STCENMGM,1147.73,51
2025-07-13T13:55:37.846357,BROOKS,1075.59,35
2025-07-13T13:55:37.908092,AKSHOPTFBR,1133.14,37
2025-07-13T13:55:37.970231,CSLFINANCE,1971.96,46
2025-07-13T13:55:38.033229,ABREL,1727.33,82
2025-07-13T13:55:38.095165,BHAGYANGR,1661.04,1
2025-07-13T13:55:38.156912,AVG,1491.07,40
2025-07-13T13:55:38.218594,AMBICAAGAR,1286.59,73
2025-07-13T13:55:38.280988,DIGITIDE,1347.81,22
2025-07-13T13:55:38.343312,AFCONS,2000.02,5
2025-07-13T13:55:38.405990,ANTGRAPHIC,1055.69,98
2025-07-13T13:55:38.468588,BALRAMCHIN,1917.66,95
2025-07-13T13:55:38.531429,BLSE,1497.83,25
2025-07-13T13:55:38.593871,ACCURACY,1756.81,18
2025-07-13T13:55:38.656556,BODALCHEM,1758.37,69
2025-07-13T13:55:38.717877,DCMSHRIRAM,1484.72,12
2025-07-13T13:55:38.779673,BPCL,1826.16,94
2025-07-13T13:55:38.842098,3PLAND,1914.5,31
2025-07-13T13:55:38.903544,DHUNINV,1644.58,3
2025-07-13T13:55:38.965971,BHARATSE,1012.63,76
2025-07-13T13:55:39.027379,CINELINE,1466.94,98
2025-07-13T13:55:39.089426,BANCOINDIA,1842.75,14
2025-07-13T13:55:39.150759,CHEMPLASTS,1962.31,50
2025-07-13T13:55:39.211654,ASIANENE,1774.25,38
2025-07-13T13:55:39.273890,AXISCADES,1143.86,30
2025-07-13T13:55:39.335370,ARCHIDPLY,1035.48,18
2025-07-13T13:55:39.397226,DALMIASUG,1676.89,12
2025-07-13T13:55:39.459264,DGCONTENT,1656.01,32
2025-07-13T13:55:39.521970,ANDHRAPAP,1170.59,78
2025-07-13T13:55:39.584369,BAIDFIN,1625.38,7
2025-07-13T13:55:39.647840,DMCC,1095.99,80
2025-07-13T13:55:39.709061,ANMOL,1164.74,4
2025-07-13T13:55:39.771634,AJANTPHARM,1618.57,37
2025-07-13T13:55:39.834528,DELTAMAGNT,1353.28,10
2025-07-13T13:55:39.896792,AMNPLST,1760.88,31
2025-07-13T13:55:39.958105,ANDHRAPAP,1170.81,36
2025-07-13T13:55:40.019108,ASHOKLEY,1899.27,68
2025-07-13T13:55:40.081860,ANIKINDS,1730.46,51
2025-07-13T13:55:40.143447,BOSCHLTD,1653.67,13
2025-07-13T13:55:40.205916,ARIHANTSUP,1960.18,91
2025-07-13T13:55:40.268669,BAJAJHFL,1443.74,98
2025-07-13T13:55:40.335056,AMDIND,1718.95,11
2025-07-13T13:55:40.393717,CCCL,1985.13,69
2025-07-13T13:55:40.456733,CLEAN,1690.23,98
2025-07-13T13:55:40.518768,AZAD,1349.23,73
2025-07-13T13:55:40.580425,BPL,1821.45,43
2025-07-13T13:55:40.642821,AIIL,1347.5,46
2025-07-13T13:55:40.705325,BSL,1590.73,25
2025-07-13T13:55:40.767822,ASIANENE,1773.97,23
2025-07-13T13:55:40.828680,A2ZINFRA,1968.06,64
2025-07-13T13:55:40.889404,CPCAP,1405.57,72
2025-07-13T13:55:40.951173,AVANTIFEED,1903.25,86
2025-07-13T13:55:41.013624,BUTTERFLY,1635.59,60
2025-07-13T13:55:41.076889,ALEMBICLTD,1715.99,55
2025-07-13T13:55:41.138234,CLEAN,1689.9,9
2025-07-13T13:55:41.200312,ANGELONE,1725.5,7
2025-07-13T13:55:41.263203,ADANIGREEN,1992.98,53
2025-07-13T13:55:41.324836,APCL,1692.06,43
2025-07-13T13:55:41.386955,ASTEC,1482.54,52
2025-07-13T13:55:41.448728,AJMERA,1604.53,94
2025-07-13T13:55:41.511135,AFFORDABLE,1522.37,91
2025-07-13T13:55:41.572384,DABUR,1951.84,48
2025-07-13T13:55:41.634597,AARTISURF,1540.61,3
2025-07-13T13:55:41.697747,DISHTV,1844.41,91
2025-07-13T13:55:41.759216,CENTRUM,1257.61,71
2025-07-13T13:55:41.820804,BHARATWIRE,1245.4,86
2025-07-13T13:55:41.884508,ADANIENT,1279.4,15
2025-07-13T13:55:41.946973,COUNCODOS,1708.7,76
2025-07-13T13:55:42.010009,AHLEAST,1256.6,44
2025-07-13T13:55:42.071909,ASHOKLEY,1899.4,3
2025-07-13T13:55:42.133185,ALPA,1465.14,94
2025-07-13T13:55:42.196155,ANANDRATHI,1434.84,96
2025-07-13T13:55:42.259134,CIPLA,1626.84,62
2025-07-13T13:55:42.320842,BSHSL,1643.26,96
2025-07-13T13:55:42.382016,AMJLAND,1656.8,93
2025-07-13T13:55:42.444497,AJMERA,1604.11,56
2025-07-13T13:55:42.507041,BAJAJHFL,1444.24,28
2025-07-13T13:55:42.569776,ARROWGREEN,1430.07,69
2025-07-13T13:55:42.631648,BOHRAIND,1307.46,54
2025-07-13T13:55:42.694045,BORANA,1926.51,35
2025-07-13T13:55:42.756968,BVCL,1935.06,32
2025-07-13T13:55:42.818605,ABBOTINDIA,1267.47,51
2025-07-13T13:55:42.880468,ANSALAPI,1325.28,76
2025-07-13T13:55:42.942548,CGCL,1662.87,4
2025-07-13T13:55:43.004823,ADROITINFO,1769.23,36
2025-07-13T13:55:43.067121,DIVGIITTS,1932.05,51
2025-07-13T13:55:43.129420,BHARATSE,1012.34,97
2025-07-13T13:55:43.191615,AUSOMENT,1793.53,80
2025-07-13T13:55:43.253651,ALLDIGI,1911.62,53
2025-07-13T13:55:43.316273,DJML,1071.09,7
2025-07-13T13:55:43.378040,CYBERMEDIA,1899.63,3
2025-07-13T13:55:43.439165,ASTERDM,1066.46,34
2025-07-13T13:55:43.501046,BIKAJI,1003.17,6
2025-07-13T13:55:43.562725,BANCOINDIA,1842.39,20
2025-07-13T13:55:43.625346,ATALREAL,1280.78,83
2025-07-13T13:55:43.686605,ALPHAGEO,1628.56,30
2025-07-13T13:55:43.749142,CYIENTDLM,1361.04,63
2025-07-13T13:55:43.811657,ANURAS,1154.03,4
2025-07-13T13:55:43.872627,BHEL,1035.16,63
2025-07-13T13:55:43.935122,CIEINDIA,1264.22,84
2025-07-13T13:55:43.996185,ADANIGREEN,1992.98,68
2025-07-13T13:55:44.058169,CIPLA,1626.36,18
2025-07-13T13:55:44.120040,BANARISUG,1245.8,6
2025-07-13T13:55:44.181866,BALMLAWRIE,1527.44,28
2025-07-13T13:55:44.242666,ATALREAL,1280.94,57
2025-07-13T13:55:44.304822,CENTUM,1694.79,73
2025-07-13T13:55:44.367766,DEN,1909.86,3
2025-07-13T13:55:44.430147,BAJAJHFL,1444.37,19
2025-07-13T13:55:44.491818,ABINFRA,1537.31,50
2025-07-13T13:55:44.552578,CROMPTON,1520.86,66
2025-07-13T13:55:44.615222,BLS,1296.7,25
2025-07-13T13:55:44.678068,CEREBRAINT,1808.95,49
2025-07-13T13:55:44.739942,DCI,1144.64,76
2025-07-13T13:55:44.802358,CAMLINFINE,1677.16,82
2025-07-13T13:55:44.864482,CUBEXTUB,1493.24,62
2025-07-13T13:55:44.925619,AXISCADES,1143.84,71
2025-07-13T13:55:44.988628,DBEIL,1631.12,5
2025-07-13T13:55:45.051016,CAPLIPOINT,1101.02,58
2025-07-13T13:55:45.113751,ARVINDFASN,1996.86,25
2025-07-13T13:55:45.176616,ASAHISONG,1695.27,72
2025-07-13T13:55:45.238753,ALICON,1915.49,56
2025-07-13T13:55:45.299625,AGSTRA,1679.85,80
2025-07-13T13:55:45.360763,DIVGIITTS,1932.38,57
2025-07-13T13:55:45.423743,ALLCARGO,1954.7,14
2025-07-13T13:55:45.487732,AHLEAST,1256.5,78
2025-07-13T13:55:45.549759,ASTEC,1482.79,44
2025-07-13T13:55:45.612533,ANUHPHR,1425.99,8
2025-07-13T13:55:45.679137,APEX,1537.22,45
2025-07-13T13:55:45.737660,DATAPATTNS,1757.26,83
2025-07-13T13:55:45.799976,5PAISA,1943.55,79
2025-07-13T13:55:45.862043,CAMLINFINE,1677.16,75
2025-07-13T13:55:45.924706,CYBERTECH,1473.61,85
2025-07-13T13:55:45.986535,AETHER,1767.21,21
2025-07-13T13:55:46.049435,DAMCAPITAL,1918.01,81
2025-07-13T13:55:46.112054,AMBIKCO,1114.54,62
2025-07-13T13:55:46.174289,ANANDRATHI,1434.81,69
2025-07-13T13:55:46.237761,BOHRAIND,1307.88,44
2025-07-13T13:55:46.300661,BAFNAPH,1464.82,86
2025-07-13T13:55:46.362782,COLPAL,1308.22,12
2025-07-13T13:55:46.425375,ASHAPURMIN,1515.34,1
2025-07-13T13:55:46.487125,APARINDS,1815.13,15
2025-07-13T13:55:46.549223,AKASH,1593.62,49
2025-07-13T13:55:46.611705,CENTEXT,1097.36,72
2025-07-13T13:55:46.674648,ALICON,1915.2,68
2025-07-13T13:55:46.736737,CALSOFT,1339.33,58
2025-07-13T13:55:46.799719,AVADHSUGAR,1712.73,11
2025-07-13T13:55:46.862199,BRIGADE,1036.95,14
2025-07-13T13:55:46.925317,ABB,1920.19,63
2025-07-13T13:55:46.995788,CAPTRUST,1531.4,30
2025-07-13T13:55:47.049889,ABREL,1727.7,29
2025-07-13T13:55:47.111195,BIRLAMONEY,1338.07,7
2025-07-13T13:55:47.173522,BFINVEST,1530.64,94
2025-07-13T13:55:47.235710,AETHER,1767.47,60
2025-07-13T13:55:47.298256,AKASH,1594.04,63
2025-07-13T13:55:47.360981,DBSTOCKBRO,1383.93,28
2025-07-13T13:55:47.423991,DLF,1626.23,17
2025-07-13T13:55:47.487772,CPCAP,1405.45,80
2025-07-13T13:55:47.550419,DIGJAMLMTD,1366.79,14
2025-07-13T13:55:47.612657,CIFL,1077.86,94
2025-07-13T13:55:47.675389,DCMSHRIRAM,1484.58,1
2025-07-13T13:55:47.737899,ACLGATI,1460.08,6
2025-07-13T13:55:47.800644,AAKASH,1463.16,84
2025-07-13T13:55:47.862722,COSMOFIRST,1551.44,94
2025-07-13T13:55:47.924166,ATUL,1549.91,28
2025-07-13T13:55:47.985849,3PLAND,1914.12,57
2025-07-13T13:55:48.047537,AARON,1693.53,94
2025-07-13T13:55:48.110338,AARTECH,1963.13,52
2025-07-13T13:55:48.170857,BIGBLOC,1359.59,67
2025-07-13T13:55:48.233229,ACCELYA,1882.9,87
2025-07-13T13:55:48.294860,BHEL,1035.05,36
2025-07-13T13:55:48.358980,BIRLACORPN,1374.59,55
2025-07-13T13:55:48.421114,DCAL,1053.8,90
2025-07-13T13:55:48.483001,COFFEEDAY,1024.89,12
2025-07-13T13:55:48.544945,CENTURYPLY,1327.85,18
2025-07-13T13:55:48.608366,DCAL,1054.08,63
2025-07-13T13:55:48.670820,ASHAPURMIN,1515.83,69
2025-07-13T13:55:48.732720,AMNPLST,1760.6,30
2025-07-13T13:55:48.794317,BHANDARI,1602.52,66
2025-07-13T13:55:48.856462,CAMS,1746.47,83
2025-07-13T13:55:48.919149,AZAD,1349.04,89
2025-07-13T13:55:48.981097,DIGISPICE,1611.06,29
2025-07-13T13:55:49.042874,BORANA,1926.17,46
2025-07-13T13:55:49.104610,21STCENMGM,1147.91,27
2025-07-13T13:55:49.165950,DHARMAJ,1269.24,41
2025-07-13T13:55:49.229168,BAJAJHIND,1950.14,17
2025-07-13T13:55:49.292285,AUTOIND,1476.82,20
2025-07-13T13:55:49.351685,CREDITACC,1220.99,74
2025-07-13T13:55:49.414032,AVADHSUGAR,1712.27,21
2025-07-13T13:55:49.477229,3IINFOLTD,1908.65,18
2025-07-13T13:55:49.538956,BBOX,1027.65,35
2025-07-13T13:55:49.604306,ARKADE,1881.13,13
2025-07-13T13:55:49.663620,BHARATFORG,1851.63,16
2025-07-13T13:55:49.725908,ADVANIHOTR,1555.26,93
2025-07-13T13:55:49.787711,AUSOMENT,1793.83,44
2025-07-13T13:55:49.850332,BAJAJ-AUTO,1102.47,64
2025-07-13T13:55:49.911359,DBCORP,1661.28,38
2025-07-13T13:55:49.973416,BALKRISIND,1936.89,34
2025-07-13T13:55:50.035705,COSMOFIRST,1551.38,60
2025-07-13T13:55:50.098847,AARTIIND,1912.46,23
2025-07-13T13:55:50.160856,BALAJITELE,1032.96,32
2025-07-13T13:55:50.223653,DIGJAMLMTD,1366.57,87
2025-07-13T13:55:50.286002,COHANCE,1464.5,82
2025-07-13T13:55:50.348680,BAJAJFINSV,1469.35,71
2025-07-13T13:55:50.410854,BYKE,1007.5,63
2025-07-13T13:55:50.471917,AGROPHOS,1057.29,5
2025-07-13T13:55:50.534978,BSE,1546.43,6
2025-07-13T13:55:50.597809,APOLLO,1888.06,1
2025-07-13T13:55:50.658319,CHOLAFIN,1217.87,59
2025-07-13T13:55:50.720539,BLUECOAST,1797.78,52
2025-07-13T13:55:50.783172,ARCHIDPLY,1035.83,63
2025-07-13T13:55:50.844848,AAREYDRUGS,1572.01,64
2025-07-13T13:55:50.906960,AIRAN,1794.81,1
2025-07-13T13:55:50.969105,COUNCODOS,1709.16,97
2025-07-13T13:55:51.031034,CHENNPETRO,1204.9,29
2025-07-13T13:55:51.094734,BBL,1312.67,21
2025-07-13T13:55:51.158922,ACCELYA,1882.73,24
2025-07-13T13:55:51.218898,AARTIDRUGS,1523.48,53
2025-07-13T13:55:51.282016,ADROITINFO,1768.77,39
2025-07-13T13:55:51.344547,CSBBANK,1168.38,94
2025-07-13T13:55:51.406639,BODALCHEM,1758.65,28
2025-07-13T13:55:51.468851,CELEBRITY,1586.11,32
2025-07-13T13:55:51.530076,CENTRUM,1257.28,18
2025-07-13T13:55:51.591701,ADROITINFO,1768.69,54
2025-07-13T13:55:51.654526,ACLGATI,1459.8,75
2025-07-13T13:55:51.716223,AVTNPL,1075.31,91
2025-07-13T13:55:51.778984,DLF,1626.23,99
2025-07-13T13:55:51.840217,A2ZINFRA,1967.89,12
2025-07-13T13:55:51.902592,AMBIKCO,1114.61,4
2025-07-13T13:55:51.964635,CUPID,1226.57,20
2025-07-13T13:55:52.027274,CROWN,1042.88,17
2025-07-13T13:55:52.088973,ACMESOLAR,1266.81,8
2025-07-13T13:55:52.151443,AEROENTER,1467.98,76
2025-07-13T13:55:52.213292,CONCORDBIO,1306.28,39
2025-07-13T13:55:52.275125,BESTAGRO,1863.5,6
2025-07-13T13:55:52.337161,BALRAMCHIN,1917.77,27
2025-07-13T13:55:52.399442,AROGRANITE,1143.13,66
2025-07-13T13:55:52.461347,AJMERA,1604.06,15
2025-07-13T13:55:52.522269,DIFFNKG,1023.88,11
2025-07-13T13:55:52.584476,ANKITMETAL,1789.81,51
2025-07-13T13:55:52.646419,AFFORDABLE,1522.47,89
2025-07-13T13:55:52.708717,ANGELONE,1725.87,38
2025-07-13T13:55:52.770212,AVALON,1825.15,4
2025-07-13T13:55:52.832326,BESTAGRO,1863.75,50
2025-07-13T13:55:52.895417,ABSLAMC,1443.56,78
2025-07-13T13:55:52.958198,ABCAPITAL,1132.2,38
2025-07-13T13:55:53.020126,DIFFNKG,1023.97,82
2025-07-13T13:55:53.083600,BATAINDIA,1856.2,32
2025-07-13T13:55:53.145553,AMJLAND,1656.82,98
2025-07-13T13:55:53.209556,CYIENTDLM,1361.07,86
2025-07-13T13:55:53.272856,ALLDIGI,1911.9,46
2025-07-13T13:55:53.334913,ACCURACY,1756.5,82
2025-07-13T13:55:53.397743,DAMODARIND,1783.97,36
2025-07-13T13:55:53.460325,AFFORDABLE,1522.31,31
2025-07-13T13:55:53.521910,COASTCORP,1712.45,45
2025-07-13T13:55:53.584401,ANTGRAPHIC,1055.61,47
2025-07-13T13:55:53.645677,AFSL,1228.83,82
2025-07-13T13:55:53.709204,CHALET,1891.42,41
2025-07-13T13:55:53.771872,BAJFINANCE,1985.8,15
2025-07-13T13:55:53.834154,BECTORFOOD,1839.06,68
2025-07-13T13:55:53.895297,BHAGCHEM,1104.23,29
2025-07-13T13:55:53.956347,ARSHIYA,1175.23,9
2025-07-13T13:55:54.017948,DHAMPURSUG,1062.69,54
2025-07-13T13:55:54.080444,BALUFORGE,1430.8,91
2025-07-13T13:55:54.142567,DIACABS,1908.16,35
2025-07-13T13:55:54.204445,ARE&M,1630.39,76
2025-07-13T13:55:54.267079,CHEMPLASTS,1962.38,38
2025-07-13T13:55:54.329959,ABLBL,1966.5,45
2025-07-13T13:55:54.391220,DISHTV,1843.94,14
2025-07-13T13:55:54.453424,ASHIANA,1079.82,68
2025-07-13T13:55:54.514995,CSBBANK,1168.19,10
2025-07-13T13:55:54.577533,AAREYDRUGS,1572.37,97
2025-07-13T13:55:54.639596,COUNCODOS,1709.51,36
2025-07-13T13:55:54.702185,BAJAJ-AUTO,1102.39,62
2025-07-13T13:55:54.763885,DCAL,1054.52,54
2025-07-13T13:55:54.826564,BHARTIHEXA,1749.99,40
2025-07-13T13:55:54.889918,AARTISURF,1540.57,39
2025-07-13T13:55:54.952504,ANSALAPI,1325.29,22
2025-07-13T13:55:55.015893,ARE&M,1630.41,23
2025-07-13T13:55:55.078541,BPL,1821.84,28
2025-07-13T13:55:55.140664,ARVINDFASN,1996.39,75
2025-07-13T13:55:55.204060,DISHTV,1844.14,72
2025-07-13T13:55:55.265711,ATLASCYCLE,1953.29,48
2025-07-13T13:55:55.327366,BAJAJHIND,1950.06,88
2025-07-13T13:55:55.391235,BAJEL,1224.15,16
2025-07-13T13:55:55.454095,ATLASCYCLE,1953.43,75
2025-07-13T13:55:55.516506,CENTURYPLY,1328.1,79
2025-07-13T13:55:55.578222,CREST,1985.26,20
2025-07-13T13:55:55.639768,BYKE,1007.36,95
2025-07-13T13:55:55.702065,DIVGIITTS,1932.16,91
2025-07-13T13:55:55.764623,DHRUV,1478.3,5
2025-07-13T13:55:55.826971,AEGISVOPAK,1097.03,49
2025-07-13T13:55:55.890555,DCMSHRIRAM,1484.38,7
2025-07-13T13:55:55.953286,DBOL,1261.12,5
2025-07-13T13:55:56.014096,ARIHANTCAP,1550.87,41
2025-07-13T13:55:56.076163,BFINVEST,1530.47,26
2025-07-13T13:55:56.138449,BLUECOAST,1797.83,49
2025-07-13T13:55:56.201233,APEX,1537.15,15
2025-07-13T13:55:56.263937,ALPA,1465.4,15
2025-07-13T13:55:56.326846,BLBLIMITED,1292.11,84
2025-07-13T13:55:56.388628,CGCL,1663.28,4
2025-07-13T13:55:56.449713,ALIVUS,1816.64,34
2025-07-13T13:55:56.510957,CAMS,1746.41,29
2025-07-13T13:55:56.573693,AFSL,1229.22,72
2025-07-13T13:55:56.635861,ADANIENSOL,1627.54,73
2025-07-13T13:55:56.698425,CREDITACC,1220.68,41
2025-07-13T13:55:56.760618,ASALCBR,1558.18,90
2025-07-13T13:55:56.821568,CCCL,1985.63,59
2025-07-13T13:55:56.885230,CANFINHOME,1306.73,45
2025-07-13T13:55:56.947496,APOLLOTYRE,1411.28,23
2025-07-13T13:55:57.010615,CUMMINSIND,1584.68,51
2025-07-13T13:55:57.073349,ALOKINDS,1708.32,74
2025-07-13T13:55:57.135640,ASTRAMICRO,1904.18,20
2025-07-13T13:55:57.198286,CYBERMEDIA,1899.73,71
2025-07-13T13:55:57.260659,BAYERCROP,1424.96,92
2025-07-13T13:55:57.323861,APTUS,1709.6,22
2025-07-13T13:55:57.386812,BAJAJHCARE,1082.99,85
2025-07-13T13:55:57.449165,CSLFINANCE,1971.93,48
2025-07-13T13:55:57.510266,AVTNPL,1075.13,25
2025-07-13T13:55:57.572456,DALMIASUG,1676.92,10
2025-07-13T13:55:57.634183,BEDMUTHA,1061.18,37
2025-07-13T13:55:57.696973,ACI,1575.89,4
2025-07-13T13:55:57.760126,ARIES,1851.35,64
2025-07-13T13:55:57.821523,BSHSL,1643.28,20
2025-07-13T13:55:57.884602,DGCONTENT,1656.15,52
2025-07-13T13:55:57.947199,CORDSCABLE,1673.95,8
2025-07-13T13:55:58.009178,ALBERTDAVD,1031.79,24
2025-07-13T13:55:58.070858,ALANKIT,1741.49,55
2025-07-13T13:55:58.133117,DHANI,1824.97,3
2025-07-13T13:55:58.194588,COMPUSOFT,1528.08,24
2025-07-13T13:55:58.257461,BANG,1631.73,99
2025-07-13T13:55:58.319286,CHALET,1891.73,40
2025-07-13T13:55:58.381938,CHAMBLFERT,1152.63,92
2025-07-13T13:55:58.444860,CONCOR,1361.49,28
2025-07-13T13:55:58.507496,DIAMINESQ,1063.1,70
2025-07-13T13:55:58.568766,BANKA,1346.65,93
2025-07-13T13:55:58.631345,CANBK,1781.15,65
2025-07-13T13:55:58.693849,DHANI,1825.24,87
2025-07-13T13:55:58.756134,ARVEE,1811.52,9
2025-07-13T13:55:58.825334,COCHINSHIP,1676.57,34
2025-07-13T13:55:58.882666,AAREYDRUGS,1572.39,17
2025-07-13T13:55:58.945312,CPCAP,1405.2,41
2025-07-13T13:55:59.007437,BSL,1590.8,78
2025-07-13T13:55:59.069395,CERA,1362.21,1
2025-07-13T13:55:59.130015,BHARTIHEXA,1749.81,76
2025-07-13T13:55:59.192430,BCONCEPTS,1512.29,3
2025-07-13T13:55:59.253870,COCHINSHIP,1676.29,50
2025-07-13T13:55:59.316926,ARROWGREEN,1429.89,62
2025-07-13T13:55:59.376982,CAMLINFINE,1677.45,87
2025-07-13T13:55:59.438026,CARYSIL,1637.79,84
2025-07-13T13:55:59.500567,ATUL,1549.46,40
2025-07-13T13:55:59.562485,AGI,1352.58,95
2025-07-13T13:55:59.623981,CENTRALBK,1687.77,40
2025-07-13T13:55:59.686163,BHAGCHEM,1103.85,17
2025-07-13T13:55:59.748040,BLBLIMITED,1292.31,14
2025-07-13T13:55:59.810518,AXISCADES,1144.07,28
2025-07-13T13:55:59.872214,CYIENT,1923.98,5
2025-07-13T13:55:59.934922,ALKEM,1676.28,16
2025-07-13T13:55:59.996891,BINANIIND,1577.0,74
2025-07-13T13:56:00.059932,BANG,1631.81,88
2025-07-13T13:56:00.121996,BDL,1775.81,97
2025-07-13T13:56:00.185954,BEDMUTHA,1061.62,27
2025-07-13T13:56:00.247368,CTE,1043.17,34
2025-07-13T13:56:00.308079,AURIONPRO,1367.18,91
2025-07-13T13:56:00.370153,AMNPLST,1760.57,95
2025-07-13T13:56:00.432568,ABINFRA,1537.8,56
2025-07-13T13:56:00.495017,COLPAL,1308.48,23
2025-07-13T13:56:00.558000,ASPINWALL,1360.4,18
2025-07-13T13:56:00.619959,AMBER,1401.43,47
2025-07-13T13:56:00.682267,BHAGERIA,1126.97,43
2025-07-13T13:56:00.744021,ASAHISONG,1694.92,55
2025-07-13T13:56:00.805802,CONCOR,1361.57,58
2025-07-13T13:56:00.868157,CROWN,1042.43,79
2025-07-13T13:56:00.931732,BOSCHLTD,1653.65,67
2025-07-13T13:56:00.993609,ABREL,1727.86,62
2025-07-13T13:56:01.055574,APOLLO,1887.64,76
2025-07-13T13:56:01.116910,ADSL,1003.44,26
2025-07-13T13:56:01.179498,ADL,1733.17,87
2025-07-13T13:56:01.241273,AWL,1413.54,95
2025-07-13T13:56:01.303319,ACCURACY,1756.77,31
2025-07-13T13:56:01.365691,BLS,1296.52,9
2025-07-13T13:56:01.428974,DIXON,1469.73,12
2025-07-13T13:56:01.490776,AJMERA,1604.34,92
2025-07-13T13:56:01.552681,COMPINFO,1379.01,99
2025-07-13T13:56:01.615754,BERGEPAINT,1947.18,69
2025-07-13T13:56:01.676593,ARSHIYA,1175.19,28
2025-07-13T13:56:01.739057,BHANDARI,1602.98,26
2025-07-13T13:56:01.800978,BANSALWIRE,1804.98,15
2025-07-13T13:56:01.862553,ABCAPITAL,1132.39,35
2025-07-13T13:56:01.924958,AUBANK,1048.5,31
2025-07-13T13:56:01.987583,BECTORFOOD,1839.44,74
2025-07-13T13:56:02.050291,CINEVISTA,1094.72,34
2025-07-13T13:56:02.112330,ARE&M,1630.44,96
2025-07-13T13:56:02.174657,CHALET,1891.99,65
2025-07-13T13:56:02.236723,CIFL,1077.57,29
2025-07-13T13:56:02.299455,ARISINFRA,1414.74,89
2025-07-13T13:56:02.361509,CROWN,1041.96,90
2025-07-13T13:56:02.423293,ANURAS,1153.79,79
2025-07-13T13:56:02.486337,BAJAJHLDNG,1060.91,42
2025-07-13T13:56:02.547920,BAJEL,1224.47,89
2025-07-13T13:56:02.610604,ACLGATI,1459.63,22
2025-07-13T13:56:02.673359,CEWATER,1645.57,74
2025-07-13T13:56:02.736234,AGIIL,1920.79,90
2025-07-13T13:56:02.798883,APCL,1691.95,48
2025-07-13T13:56:02.860422,BIL,1780.78,38
2025-07-13T13:56:02.923248,AKUMS,1651.78,85
2025-07-13T13:56:02.986117,APOLLOTYRE,1411.64,70
2025-07-13T13:56:03.047957,DHARMAJ,1269.02,85
2025-07-13T13:56:03.110558,COALINDIA,1528.5,60
2025-07-13T13:56:03.172087,BOMDYEING,1722.55,3
2025-07-13T13:56:03.235934,BRNL,1450.75,40
2025-07-13T13:56:03.298823,BINANIIND,1576.99,93
2025-07-13T13:56:03.362426,CELEBRITY,1586.08,54
2025-07-13T13:56:03.424614,ALLDIGI,1911.47,25
2025-07-13T13:56:03.487487,ASTERDM,1066.5,76
2025-07-13T13:56:03.555493,AETHER,1767.49,77
2025-07-13T13:56:03.612181,CALSOFT,1339.09,27
2025-07-13T13:56:03.674544,DHARAN,1604.39,96
2025-07-13T13:56:03.738025,BHARATWIRE,1245.84,100
2025-07-13T13:56:03.799550,AKZOINDIA,1085.66,49
2025-07-13T13:56:03.861120,AMJLAND,1656.63,99
2025-07-13T13:56:03.922916,BANSWRAS,1115.77,3
2025-07-13T13:56:03.985049,ASHOKA,1582.15,4
2025-07-13T13:56:04.046783,DHARAN,1604.55,4
2025-07-13T13:56:04.108612,BALKRISIND,1936.61,78
2025-07-13T13:56:04.169711,COROMANDEL,1434.54,87
2025-07-13T13:56:04.232279,AAVAS,1781.72,14
2025-07-13T13:56:04.295193,DIL,1310.6,40
2025-07-13T13:56:04.356710,ARSSINFRA,1354.48,29
2025-07-13T13:56:04.419023,COMPUSOFT,1528.12,51
2025-07-13T13:56:04.482378,BALPHARMA,1671.45,33
2025-07-13T13:56:04.544372,AGSTRA,1680.19,94
2025-07-13T13:56:04.605890,AKSHAR,1161.98,83
2025-07-13T13:56:04.667407,ASPINWALL,1359.93,11
2025-07-13T13:56:04.730513,ANANDRATHI,1434.92,79
2025-07-13T13:56:04.792909,BLAL,1991.88,1
2025-07-13T13:56:04.855232,BOSCHLTD,1654.04,99
2025-07-13T13:56:04.916860,DIGJAMLMTD,1366.68,40
2025-07-13T13:56:04.978269,DHANBANK,1317.07,31
2025-07-13T13:56:05.040548,AVTNPL,1075.32,31
2025-07-13T13:56:05.101282,CESC,1466.59,82
2025-07-13T13:56:05.163839,CHEMPLASTS,1962.23,2
2025-07-13T13:56:05.224742,CEREBRAINT,1808.64,67
2025-07-13T13:56:05.286515,AMDIND,1719.32,3
2025-07-13T13:56:05.349858,AGROPHOS,1057.09,94
2025-07-13T13:56:05.411373,BASF,1446.74,83
2025-07-13T13:56:05.473439,DENTA,1950.48,78
2025-07-13T13:56:05.535121,BALAJITELE,1032.55,55
2025-07-13T13:56:05.597159,BAJAJCON,1466.02,76
2025-07-13T13:56:05.659012,COCHINSHIP,1676.79,35
2025-07-13T13:56:05.719937,ARMANFIN,1567.98,12
2025-07-13T13:56:05.781983,AJMERA,1604.01,64
2025-07-13T13:56:05.844957,COHANCE,1464.92,49
2025-07-13T13:56:05.907734,ALKYLAMINE,1574.38,58
2025-07-13T13:56:05.969239,BIRLANU,1691.47,59
2025-07-13T13:56:06.031897,BEL,1771.96,73
2025-07-13T13:56:06.095009,DENTA,1950.56,80
2025-07-13T13:56:06.156596,ACLGATI,1459.78,88
2025-07-13T13:56:06.218724,AHLUCONT,1838.77,16
2025-07-13T13:56:06.281129,BOSCHLTD,1654.4,54
2025-07-13T13:56:06.344320,BEARDSELL,1757.12,32
2025-07-13T13:56:06.406784,BYKE,1007.53,47
2025-07-13T13:56:06.468482,ACCURACY,1756.93,35
2025-07-13T13:56:06.531795,CASTROLIND,1656.6,67
2025-07-13T13:56:06.594961,CSBBANK,1167.83,94
2025-07-13T13:56:06.658304,DIGISPICE,1611.43,73
2025-07-13T13:56:06.722301,CUB,1036.36,9
2025-07-13T13:56:06.786588,AMBIKCO,1114.49,16
2025-07-13T13:56:06.849395,AIAENG,1780.66,16
2025-07-13T13:56:06.912340,ABLBL,1966.71,10
2025-07-13T13:56:06.974549,AUTOAXLES,1067.37,31
2025-07-13T13:56:07.038180,BVCL,1935.55,49
2025-07-13T13:56:07.100831,DBOL,1261.51,68
2025-07-13T13:56:07.163831,ANANTRAJ,1456.53,84
2025-07-13T13:56:07.225526,ANIKINDS,1730.65,30
2025-07-13T13:56:07.287534,BARBEQUE,1333.37,19
2025-07-13T13:56:07.349221,ARSSINFRA,1354.85,44
2025-07-13T13:56:07.411259,CUMMINSIND,1584.54,43
2025-07-13T13:56:07.473657,ARTEMISMED,1080.95,46
2025-07-13T13:56:07.536085,AGSTRA,1679.82,1
2025-07-13T13:56:07.599236,BIRLACORPN,1374.29,41
2025-07-13T13:56:07.661148,CAPLIPOINT,1101.19,11
2025-07-13T13:56:07.723503,AIROLAM,1634.81,80
2025-07-13T13:56:07.786975,BANKA,1346.53,72
2025-07-13T13:56:07.850098,BANSALWIRE,1804.66,32
2025-07-13T13:56:07.911873,ACCELYA,1882.39,59
2025-07-13T13:56:07.972521,BEDMUTHA,1061.28,19
2025-07-13T13:56:08.034936,360ONE,1499.88,44
2025-07-13T13:56:08.098003,DIXON,1470.03,17
2025-07-13T13:56:08.161425,CROWN,1041.97,23
2025-07-13T13:56:08.224037,DCI,1144.83,63
2025-07-13T13:56:08.286228,AFFLE,1893.1,78
2025-07-13T13:56:08.348398,ARTEMISMED,1080.67,65
2025-07-13T13:56:08.411675,BHARATGEAR,1575.88,100
2025-07-13T13:56:08.473960,BALRAMCHIN,1918.18,58
2025-07-13T13:56:08.536330,AMDIND,1719.56,65
2025-07-13T13:56:08.597929,ATGL,1641.33,28
2025-07-13T13:56:08.659264,BBTCL,1830.01,35
2025-07-13T13:56:08.721665,ABLBL,1967.07,96
2025-07-13T13:56:08.783947,BALRAMCHIN,1917.74,3
2025-07-13T13:56:08.845356,DGCONTENT,1655.84,64
2025-07-13T13:56:08.907334,AWL,1413.22,3
2025-07-13T13:56:08.969842,CORALFINAC,1996.36,9
2025-07-13T13:56:09.031219,ALANKIT,1741.5,56
2025-07-13T13:56:09.093276,BORANA,1925.85,59
2025-07-13T13:56:09.155453,CASTROLIND,1656.45,84
2025-07-13T13:56:09.217792,DHANBANK,1317.24,95
2025-07-13T13:56:09.281256,CROMPTON,1521.35,27
2025-07-13T13:56:09.343693,BANARBEADS,1292.23,97
2025-07-13T13:56:09.405453,BEML,1279.47,39
2025-07-13T13:56:09.468411,ATULAUTO,1807.9,11
2025-07-13T13:56:09.530753,BLACKBUCK,1225.92,95
2025-07-13T13:56:09.591492,BEL,1772.39,68
2025-07-13T13:56:09.653232,CPCAP,1405.28,48
2025-07-13T13:56:09.716033,CCCL,1985.58,55
2025-07-13T13:56:09.778983,BSL,1591.16,54
2025-07-13T13:56:09.840254,DIACABS,1908.01,48
2025-07-13T13:56:09.902064,BVCL,1935.94,39
2025-07-13T13:56:09.963571,BIRLACABLE,1598.7,10
2025-07-13T13:56:10.025380,COMSYN,1080.11,74
2025-07-13T13:56:10.086286,ARVEE,1811.22,91
2025-07-13T13:56:10.147231,DATAPATTNS,1757.41,51
2025-07-13T13:56:10.209627,AJAXENGG,1214.73,17
2025-07-13T13:56:10.272241,ABB,1920.06,58
2025-07-13T13:56:10.333475,CIGNITITEC,1394.7,4
2025-07-13T13:56:10.396180,ARTNIRMAN,1364.5,88
2025-07-13T13:56:10.457994,DHRUV,1478.67,49
2025-07-13T13:56:10.520544,AVG,1491.14,57
2025-07-13T13:56:10.590334,63MOONS,1470.39,43
2025-07-13T13:56:10.644801,BRIGADE,1037.15,75
2025-07-13T13:56:10.706923,BERGEPAINT,1947.19,93
2025-07-13T13:56:10.768236,ADANIPOWER,1717.24,98
2025-07-13T13:56:10.830281,COLPAL,1308.64,11
2025-07-13T13:56:10.891733,DGCONTENT,1656.15,34
2025-07-13T13:56:10.953118,CHOLAHLDNG,1832.89,37
2025-07-13T13:56:11.015068,ASAHIINDIA,1314.42,61
2025-07-13T13:56:11.076567,BANKBARODA,1695.96,62
2025-07-13T13:56:11.137720,ARSSINFRA,1354.79,2
2025-07-13T13:56:11.200048,BEPL,1782.22,13
2025-07-13T13:56:11.261521,BAFNAPH,1464.65,45
2025-07-13T13:56:11.324997,ABREL,1728.01,28
2025-07-13T13:56:11.386871,DALMIASUG,1676.57,9
2025-07-13T13:56:11.448396,DCBBANK,1860.65,69
2025-07-13T13:56:11.510030,BAGFILMS,1451.58,82
2025-07-13T13:56:11.572642,ASTRAZEN,1765.58,64
2025-07-13T13:56:11.636010,AIAENG,1780.36,92
2025-07-13T13:56:11.698250,AUTOIND,1476.41,11
2025-07-13T13:56:11.760625,COMPINFO,1378.75,23
2025-07-13T13:56:11.822238,ANURAS,1153.71,74
2025-07-13T13:56:11.884125,BOMDYEING,1722.12,2
2025-07-13T13:56:11.945808,DGCONTENT,1656.32,25
2025-07-13T13:56:12.007075,AIROLAM,1635.31,45
2025-07-13T13:56:12.068845,AYMSYNTEX,1744.97,8
2025-07-13T13:56:12.130279,DHAMPURSUG,1062.71,28
2025-07-13T13:56:12.191353,AVTNPL,1075.66,66
2025-07-13T13:56:12.254671,CAMPUS,1247.45,45
2025-07-13T13:56:12.316883,BHARTIHEXA,1749.85,73
2025-07-13T13:56:12.378712,ADFFOODS,1898.27,3
2025-07-13T13:56:12.441064,BSE,1546.83,15
2025-07-13T13:56:12.503117,AYMSYNTEX,1745.23,14
2025-07-13T13:56:12.565540,AAREYDRUGS,1571.92,79
2025-07-13T13:56:12.628213,ARROWGREEN,1429.5,42
2025-07-13T13:56:12.689959,BANKA,1346.36,61
2025-07-13T13:56:12.751460,ABAN,1643.01,86
2025-07-13T13:56:12.814582,3MINDIA,1307.22,65
2025-07-13T13:56:12.875715,CARYSIL,1637.69,14
2025-07-13T13:56:12.938128,ABB,1919.65,52
2025-07-13T13:56:13.000554,ALMONDZ,1745.64,67
2025-07-13T13:56:13.062824,BLISSGVS,1962.38,78
2025-07-13T13:56:13.125152,CAPITALSFB,1923.08,28
2025-07-13T13:56:13.187918,BOHRAIND,1307.93,8
2025-07-13T13:56:13.250212,CSBBANK,1167.97,8
2025-07-13T13:56:13.312216,CCHHL,1482.22,90
2025-07-13T13:56:13.374143,ASTEC,1483.14,80
2025-07-13T13:56:13.436675,CYIENTDLM,1361.12,39
2025-07-13T13:56:13.499306,BLUESTARCO,1521.38,13
2025-07-13T13:56:13.561272,DIAMONDYD,1166.31,9
2025-07-13T13:56:13.623331,CLEDUCATE,1507.51,52
2025-07-13T13:56:13.685410,CURAA,1094.1,67
2025-07-13T13:56:13.747604,BANDHANBNK,1186.11,20
2025-07-13T13:56:13.809019,BESTAGRO,1864.05,47
2025-07-13T13:56:13.870410,DDEVPLSTIK,1191.18,27
2025-07-13T13:56:13.932408,AAATECH,1653.61,21
2025-07-13T13:56:13.995083,3IINFOLTD,1908.21,75
2025-07-13T13:56:14.057364,DCI,1144.67,5
2025-07-13T13:56:14.121313,AADHARHFC,1905.11,88
2025-07-13T13:56:14.184524,BEL,1772.54,94
2025-07-13T13:56:14.246829,BALRAMCHIN,1918.24,63
2025-07-13T13:56:14.309377,DBEIL,1631.01,10
2025-07-13T13:56:14.371022,CUBEXTUB,1493.49,74
2025-07-13T13:56:14.433621,ARIHANTCAP,1550.87,92
2025-07-13T13:56:14.495828,ALPHAGEO,1628.42,54
2025-07-13T13:56:14.558214,BAJAJHFL,1444.44,34
2025-07-13T13:56:14.620189,AMRUTANJAN,1793.04,37
2025-07-13T13:56:14.681760,AAREYDRUGS,1571.5,43
2025-07-13T13:56:14.743400,APOLLO,1887.95,100
2025-07-13T13:56:14.806465,BLSE,1497.71,86
2025-07-13T13:56:14.869456,ASIANPAINT,1624.62,57
2025-07-13T13:56:14.930478,BIOCON,1457.63,18
2025-07-13T13:56:14.992762,BHARATSE,1012.41,2
2025-07-13T13:56:15.055170,ARVSMART,1908.48,47
2025-07-13T13:56:15.118788,CENTUM,1695.14,73
2025-07-13T13:56:15.181184,ATULAUTO,1808.04,59
2025-07-13T13:56:15.244806,CHEVIOT,1617.77,80
2025-07-13T13:56:15.307377,ANANDRATHI,1435.01,72
2025-07-13T13:56:15.370590,DIGJAMLMTD,1366.23,41
2025-07-13T13:56:15.433258,AVANTIFEED,1903.4,62
2025-07-13T13:56:15.495534,CHEVIOT,1617.55,69
2025-07-13T13:56:15.560245,ADOR,1018.5,65
2025-07-13T13:56:15.619936,AVROIND,1961.7,76
2025-07-13T13:56:15.682062,BALKRISHNA,1781.7,40
2025-07-13T13:56:15.744522,BPL,1821.56,36
2025-07-13T13:56:15.806476,ARROWGREEN,1429.34,21
2025-07-13T13:56:15.868110,COLPAL,1308.81,28
2025-07-13T13:56:15.930523,ALMONDZ,1746.08,26
2025-07-13T13:56:15.993216,ALPA,1465.53,79
2025-07-13T13:56:16.054788,DATAPATTNS,1757.32,31
2025-07-13T13:56:16.116588,BLSE,1497.87,87
2025-07-13T13:56:16.178350,CPCAP,1405.03,83
2025-07-13T13:56:16.241158,DHARAN,1604.19,76
2025-07-13T13:56:16.304477,BORORENEW,1640.08,56
2025-07-13T13:56:16.366508,DIGISPICE,1611.59,90
2025-07-13T13:56:16.428035,DCW,1082.88,7
2025-07-13T13:56:16.490725,DCAL,1054.88,13
2025-07-13T13:56:16.552386,ASIANPAINT,1624.34,21
2025-07-13T13:56:16.613525,DELPHIFX,1616.67,74
2025-07-13T13:56:16.675407,BASF,1447.05,86
2025-07-13T13:56:16.738041,ASKAUTOLTD,1321.77,30
2025-07-13T13:56:16.800258,CREATIVEYE,1024.1,75
2025-07-13T13:56:16.862465,AIIL,1347.48,3
2025-07-13T13:56:16.924290,AJMERA,1604.3,75
2025-07-13T13:56:16.986317,ARCHIES,1708.35,93
2025-07-13T13:56:17.047614,CHOLAHLDNG,1832.99,87
2025-07-13T13:56:17.108729,AXISBANK,1952.44,13
2025-07-13T13:56:17.170582,CDSL,1519.43,98
2025-07-13T13:56:17.232521,ALICON,1915.01,46
2025-07-13T13:56:17.295180,AHLADA,1647.0,24
2025-07-13T13:56:17.356423,ARKADE,1881.52,80
2025-07-13T13:56:17.418331,ARVSMART,1908.74,36
2025-07-13T13:56:17.480398,BBL,1312.72,39
2025-07-13T13:56:17.544093,CREDITACC,1220.59,7
2025-07-13T13:56:17.605711,ALKALI,1374.91,28
2025-07-13T13:56:17.668553,ADANIPORTS,1373.38,69
2025-07-13T13:56:17.731530,ALPA,1465.44,8
2025-07-13T13:56:17.793942,BANCOINDIA,1842.46,69
2025-07-13T13:56:17.856500,COALINDIA,1528.4,29
2025-07-13T13:56:17.919105,ASAHISONG,1695.1,68
2025-07-13T13:56:17.981893,ABCAPITAL,1132.16,88
2025-07-13T13:56:18.044136,AWL,1413.14,12
2025-07-13T13:56:18.106122,CHALET,1892.38,60
2025-07-13T13:56:18.169263,AARON,1693.79,57
2025-07-13T13:56:18.231599,ADOR,1018.15,97
2025-07-13T13:56:18.293949,BTML,1046.24,10
2025-07-13T13:56:18.355012,CENTURYPLY,1327.84,16
2025-07-13T13:56:18.418038,ARVSMART,1908.8,64
2025-07-13T13:56:18.479322,BOROSCI,1036.48,1
2025-07-13T13:56:18.540481,CIGNITITEC,1394.52,96
2025-07-13T13:56:18.602543,DICIND,1279.46,53
2025-07-13T13:56:18.664305,AFFLE,1893.15,83
2025-07-13T13:56:18.725785,BANCOINDIA,1842.55,32
2025-07-13T13:56:18.788404,DELHIVERY,1123.7,88
2025-07-13T13:56:18.850533,ANUHPHR,1425.91,32
2025-07-13T13:56:18.912221,BEML,1279.26,37
2025-07-13T13:56:18.974296,ASTEC,1483.42,33
2025-07-13T13:56:19.036297,AGARIND,1005.5,55
2025-07-13T13:56:19.100841,CYBERTECH,1473.9,78
2025-07-13T13:56:19.164533,BHARATGEAR,1576.38,71
2025-07-13T13:56:19.227015,DBSTOCKBRO,1384.3,90
2025-07-13T13:56:19.288398,ARVINDFASN,1996.22,17
2025-07-13T13:56:19.350095,BLSE,1497.78,77
2025-07-13T13:56:19.413386,DDEVPLSTIK,1191.3,70
2025-07-13T13:56:19.475361,AIAENG,1780.0,66
2025-07-13T13:56:19.537927,BIRLAMONEY,1338.4,1
2025-07-13T13:56:19.600108,3PLAND,1914.53,42
2025-07-13T13:56:19.663251,DHARAN,1604.0,30
2025-07-13T13:56:19.725728,3IINFOLTD,1908.32,66
2025-07-13T13:56:19.787475,BARBEQUE,1333.36,11
2025-07-13T13:56:19.850180,ANDHRSUGAR,1510.68,30
2025-07-13T13:56:19.912505,DBEIL,1631.14,80
2025-07-13T13:56:19.974297,CROMPTON,1521.81,94
2025-07-13T13:56:20.035416,BLAL,1991.74,31
2025-07-13T13:56:20.098115,COMPUSOFT,1528.55,57
2025-07-13T13:56:20.161770,BIGBLOC,1359.4,52
2025-07-13T13:56:20.223197,AIRAN,1795.29,10
2025-07-13T13:56:20.285225,BALRAMCHIN,1918.0,40
2025-07-13T13:56:20.347095,BOMDYEING,1722.31,19
2025-07-13T13:56:20.409037,ASIANPAINT,1624.59,53
2025-07-13T13:56:20.472698,BGRENERGY,1475.2,74
2025-07-13T13:56:20.535014,AKASH,1594.3,32
2025-07-13T13:56:20.597044,AEGISLOG,1128.24,33
2025-07-13T13:56:20.658859,A2ZINFRA,1968.27,15
2025-07-13T13:56:20.721002,AVADHSUGAR,1712.37,57
2025-07-13T13:56:20.783339,ASAHIINDIA,1314.88,10
2025-07-13T13:56:20.845532,ASAHISONG,1695.03,38
2025-07-13T13:56:20.907421,AXISBANK,1951.97,77
2025-07-13T13:56:20.970024,ADOR,1018.24,59
2025-07-13T13:56:21.032731,APCOTEXIND,1529.77,22
2025-07-13T13:56:21.095338,BOROLTD,1511.94,23
2025-07-13T13:56:21.157525,CHENNPETRO,1205.09,13
2025-07-13T13:56:21.218060,AVG,1490.9,10
2025-07-13T13:56:21.279425,DIL,1310.93,48
2025-07-13T13:56:21.341221,ADROITINFO,1768.86,34
2025-07-13T13:56:21.402449,AMBUJACEM,1816.47,70
2025-07-13T13:56:21.464162,CSBBANK,1167.79,39
2025-07-13T13:56:21.526257,APARINDS,1814.8,57
2025-07-13T13:56:21.588486,CIPLA,1626.46,89
2025-07-13T13:56:21.650561,DELTAMAGNT,1352.84,99
2025-07-13T13:56:21.712929,AARTIDRUGS,1523.48,46
2025-07-13T13:56:21.774506,BRNL,1450.65,37
2025-07-13T13:56:21.836085,BANDHANBNK,1185.63,11
2025-07-13T13:56:21.897110,COMSYN,1079.84,97
2025-07-13T13:56:21.959426,CANTABIL,1912.15,50
2025-07-13T13:56:22.020985,BOROSCI,1036.25,6
2025-07-13T13:56:22.082734,BEARDSELL,1757.57,16
2025-07-13T13:56:22.145212,BLBLIMITED,1292.68,56
2025-07-13T13:56:22.206522,ABBOTINDIA,1267.02,16
2025-07-13T13:56:22.267930,BAJAJHIND,1949.58,16
2025-07-13T13:56:22.330642,ASAHIINDIA,1314.75,62
2025-07-13T13:56:22.392175,CROMPTON,1521.44,87
2025-07-13T13:56:22.453334,DMART,1613.25,90
2025-07-13T13:56:22.517027,BPL,1821.61,85
2025-07-13T13:56:22.579700,BEDMUTHA,1061.27,23
2025-07-13T13:56:22.642664,ABINFRA,1537.95,36
2025-07-13T13:56:22.704956,ATUL,1549.31,27
2025-07-13T13:56:22.766953,AMNPLST,1760.51,4
2025-07-13T13:56:22.828526,ATUL,1548.94,57
2025-07-13T13:56:22.890080,BAJAJHIND,1949.58,97
2025-07-13T13:56:22.953062,APARINDS,1815.2,3
2025-07-13T13:56:23.014886,DIGITIDE,1347.4,41
2025-07-13T13:56:23.076352,CYBERTECH,1474.33,46
2025-07-13T13:56:23.138533,DIVISLAB,1798.34,23
2025-07-13T13:56:23.199777,BSOFT,1934.47,81
2025-07-13T13:56:23.261824,AKI,1075.47,76
2025-07-13T13:56:23.323178,AUBANK,1048.97,41
2025-07-13T13:56:23.384224,BBTC,1308.51,2
2025-07-13T13:56:23.445882,BERGEPAINT,1947.49,72
2025-07-13T13:56:23.509209,3PLAND,1914.83,52
2025-07-13T13:56:23.570638,AFCONS,1999.87,66
2025-07-13T13:56:23.632074,AVONMORE,1774.04,24
2025-07-13T13:56:23.693953,BBOX,1027.87,27
2025-07-13T13:56:23.756518,CTE,1043.07,41
2025-07-13T13:56:23.818389,BHEL,1034.91,63
2025-07-13T13:56:23.880270,APOLLOPIPE,1789.37,20
2025-07-13T13:56:23.943466,ANDHRAPAP,1170.79,7
2025-07-13T13:56:24.005237,AIAENG,1780.4,55
2025-07-13T13:56:24.067928,AVROIND,1961.9,36
2025-07-13T13:56:24.130774,21STCENMGM,1147.43,29
2025-07-13T13:56:24.191993,DIXON,1470.03,44
2025-07-13T13:56:24.253816,AJOONI,1085.18,76
2025-07-13T13:56:24.316096,ARISINFRA,1414.64,97
2025-07-13T13:56:24.378758,ABBOTINDIA,1267.32,49
2025-07-13T13:56:24.441420,CHOLAFIN,1218.14,68
2025-07-13T13:56:24.503004,BIRLACABLE,1598.71,21
2025-07-13T13:56:24.566049,AVTNPL,1075.64,26
2025-07-13T13:56:24.628156,AGSTRA,1680.3,68
2025-07-13T13:56:24.690383,COUNCODOS,1709.8,51
2025-07-13T13:56:24.752603,BANKINDIA,1659.62,2
2025-07-13T13:56:24.813740,BOSCHLTD,1654.82,18
2025-07-13T13:56:24.876087,ARTEMISMED,1080.51,35
2025-07-13T13:56:24.938045,ASHOKA,1582.22,35
2025-07-13T13:56:25.000207,ARTEMISMED,1080.31,38
2025-07-13T13:56:25.062954,ASTRAL,1398.5,99
2025-07-13T13:56:25.125656,BLKASHYAP,1873.82,4
2025-07-13T13:56:25.188113,BALPHARMA,1671.57,19
2025-07-13T13:56:25.249542,BANSWRAS,1115.97,85
2025-07-13T13:56:25.311422,ARMANFIN,1567.6,3
2025-07-13T13:56:25.373101,DCMNVL,1301.67,64
2025-07-13T13:56:25.434991,ATULAUTO,1808.23,32
2025-07-13T13:56:25.497255,CAMS,1746.05,79
2025-07-13T13:56:25.559184,BLUEJET,1615.77,82
2025-07-13T13:56:25.622517,ADROITINFO,1769.27,97
2025-07-13T13:56:25.684647,DECCANCE,1548.02,94
2025-07-13T13:56:25.747022,DCI,1145.11,19
2025-07-13T13:56:25.809382,CHOICEIN,1988.89,78
2025-07-13T13:56:25.871635,ANTGRAPHIC,1056.08,100
2025-07-13T13:56:25.934215,ASTERDM,1066.83,11
2025-07-13T13:56:25.996750,ARIHANTCAP,1551.23,63
2025-07-13T13:56:26.059416,DANGEE,1228.14,80
2025-07-13T13:56:26.121937,ANANDRATHI,1434.62,69
2025-07-13T13:56:26.184332,ASIANENE,1774.2,50
2025-07-13T13:56:26.245551,APOLLOPIPE,1789.12,83
2025-07-13T13:56:26.308412,AWFIS,1433.16,69
2025-07-13T13:56:26.370178,BEPL,1782.72,74
2025-07-13T13:56:26.432431,BANG,1631.65,3
2025-07-13T13:56:26.495369,CLEAN,1689.47,79
2025-07-13T13:56:26.558685,BALAXI,1032.46,93
2025-07-13T13:56:26.620156,CPCAP,1404.98,99
2025-07-13T13:56:26.682286,AAVAS,1781.27,94
2025-07-13T13:56:26.744727,BLAL,1992.13,75
2025-07-13T13:56:26.808206,CHALET,1892.63,70
2025-07-13T13:56:26.869548,ASHOKA,1582.07,86
2025-07-13T13:56:26.932088,BHARATFORG,1851.92,68
2025-07-13T13:56:26.993892,DHARMAJ,1268.88,69
2025-07-13T13:56:27.057203,DHUNINV,1644.54,88
2025-07-13T13:56:27.118753,AAKASH,1463.01,99
2025-07-13T13:56:27.180803,ASIANHOTNR,1238.85,25
2025-07-13T13:56:27.243306,BRNL,1451.11,74
2025-07-13T13:56:27.305915,ABINFRA,1537.98,89
2025-07-13T13:56:27.367485,ASTERDM,1067.28,5
2025-07-13T13:56:27.429304,20MICRONS,1064.94,58
2025-07-13T13:56:27.491823,BIL,1781.01,69
2025-07-13T13:56:27.552882,DICIND,1278.97,69
2025-07-13T13:56:27.614384,AJOONI,1085.03,44
2025-07-13T13:56:27.676180,ATLANTAA,1333.22,86
2025-07-13T13:56:27.737815,CCCL,1985.97,9
2025-07-13T13:56:27.798983,CCCL,1985.98,10
2025-07-13T13:56:27.861656,CINELINE,1467.14,42
2025-07-13T13:56:27.924672,BHARTIARTL,1234.4,19
2025-07-13T13:56:27.987720,BTML,1045.9,13
2025-07-13T13:56:28.049850,CENTRUM,1257.52,68
2025-07-13T13:56:28.112758,AMBIKCO,1114.04,41
2025-07-13T13:56:28.175282,ATL,1145.69,43
2025-07-13T13:56:28.238099,BAJAJCON,1466.02,69
2025-07-13T13:56:28.299825,AHLEAST,1256.81,24
2025-07-13T13:56:28.361789,COFORGE,1956.32,48
2025-07-13T13:56:28.424197,DIGIDRIVE,1255.98,39
2025-07-13T13:56:28.485640,AKZOINDIA,1086.06,54
2025-07-13T13:56:28.547304,BHAGERIA,1126.62,90
2025-07-13T13:56:28.609606,ALIVUS,1816.69,73
2025-07-13T13:56:28.672000,ADROITINFO,1769.39,6
2025-07-13T13:56:28.734664,CURAA,1094.19,87
2025-07-13T13:56:28.796310,BALMLAWRIE,1527.86,93
2025-07-13T13:56:28.858634,DGCONTENT,1656.43,1
2025-07-13T13:56:28.921310,AVADHSUGAR,1712.65,22
2025-07-13T13:56:28.983496,ADSL,1003.48,46
2025-07-13T13:56:29.046022,BIKAJI,1003.42,13
2025-07-13T13:56:29.108826,ATALREAL,1281.16,35
2025-07-13T13:56:29.170677,ADVANIHOTR,1555.33,51
2025-07-13T13:56:29.233044,ADROITINFO,1769.06,79
2025-07-13T13:56:29.294958,CCHHL,1482.07,61
2025-07-13T13:56:29.356149,AMBICAAGAR,1286.39,26
2025-07-13T13:56:29.418220,ASHAPURMIN,1515.4,27
2025-07-13T13:56:29.479393,AVANTIFEED,1903.0,78
2025-07-13T13:56:29.540384,BDL,1775.49,47
2025-07-13T13:56:29.601756,BANARISUG,1246.27,18
2025-07-13T13:56:29.664450,AVADHSUGAR,1712.74,87
2025-07-13T13:56:29.726891,DENTA,1950.64,99
2025-07-13T13:56:29.789686,DHRUV,1478.41,99
2025-07-13T13:56:29.852251,BBTCL,1830.32,81
2025-07-13T13:56:29.913957,DODLA,1474.37,31
2025-07-13T13:56:29.976071,COFORGE,1956.28,60
2025-07-13T13:56:30.039373,APOLLO,1887.65,99
2025-07-13T13:56:30.102310,APCL,1691.54,14
2025-07-13T13:56:30.165245,AVALON,1824.83,67
2025-07-13T13:56:30.227804,BECTORFOOD,1839.08,94
2025-07-13T13:56:30.289477,ASIANHOTNR,1239.12,93
2025-07-13T13:56:30.351899,DLINKINDIA,1064.86,41
2025-07-13T13:56:30.414554,CIGNITITEC,1394.85,62
2025-07-13T13:56:30.477230,ADANIENSOL,1627.51,10
2025-07-13T13:56:30.538577,ACMESOLAR,1266.76,58
2025-07-13T13:56:30.600024,ATULAUTO,1808.68,93
2025-07-13T13:56:30.661848,ARVIND,1771.89,24
2025-07-13T13:56:30.724787,CENTURYPLY,1328.05,46
2025-07-13T13:56:30.788489,BODALCHEM,1758.42,14
2025-07-13T13:56:30.850165,BECTORFOOD,1839.47,87
2025-07-13T13:56:30.912430,ASTERDM,1066.81,45
2025-07-13T13:56:30.975285,BBOX,1027.49,1
2025-07-13T13:56:31.037336,BUTTERFLY,1635.59,61
2025-07-13T13:56:31.100151,ANANDRATHI,1435.11,34
2025-07-13T13:56:31.161881,DIGIDRIVE,1256.36,73
2025-07-13T13:56:31.224430,COROMANDEL,1434.55,69
2025-07-13T13:56:31.286292,CARBORUNIV,1085.23,96
2025-07-13T13:56:31.349673,ASAHISONG,1695.24,38
2025-07-13T13:56:31.410892,63MOONS,1470.79,40
2025-07-13T13:56:31.474204,CRISIL,1305.09,69
2025-07-13T13:56:31.536456,BANSALWIRE,1804.82,48
2025-07-13T13:56:31.598020,ASHOKA,1581.8,17
2025-07-13T13:56:31.660032,BEPL,1782.42,80
2025-07-13T13:56:31.722057,BCLIND,1565.98,60
2025-07-13T13:56:31.784387,AROGRANITE,1143.05,91
2025-07-13T13:56:31.845908,DHRUV,1478.64,47
2025-07-13T13:56:31.907268,BHARATFORG,1851.63,47
2025-07-13T13:56:31.968598,BHAGCHEM,1103.45,22
2025-07-13T13:56:32.029786,DENORA,1773.87,1
2025-07-13T13:56:32.092122,AMJLAND,1656.98,44
2025-07-13T13:56:32.153592,BHARATSE,1012.85,81
2025-07-13T13:56:32.215740,ACEINTEG,1630.69,62
2025-07-13T13:56:32.278694,BALKRISHNA,1781.33,40
2025-07-13T13:56:32.341330,CHEMFAB,1787.44,94
2025-07-13T13:56:32.402830,CCCL,1986.43,93
2025-07-13T13:56:32.465793,ABBOTINDIA,1267.63,97
2025-07-13T13:56:32.527776,ARKADE,1881.63,59
2025-07-13T13:56:32.589802,AVALON,1825.14,50
2025-07-13T13:56:32.653837,BIRLACABLE,1598.52,75
2025-07-13T13:56:32.715907,DCBBANK,1861.03,22
2025-07-13T13:56:32.777730,BANDHANBNK,1185.4,54
2025-07-13T13:56:32.839066,ALLCARGO,1954.79,78
2025-07-13T13:56:32.900943,DBREALTY,1420.55,50
2025-07-13T13:56:32.962439,DIVGIITTS,1932.57,48
2025-07-13T13:56:33.025757,DELHIVERY,1123.55,99
2025-07-13T13:56:33.087926,CHENNPETRO,1205.43,87
2025-07-13T13:56:33.148948,ALMONDZ,1745.81,39
2025-07-13T13:56:33.210845,CMSINFO,1110.89,24
2025-07-13T13:56:33.273609,BANG,1631.74,6
2025-07-13T13:56:33.334788,BANKA,1346.45,85
2025-07-13T13:56:33.396838,COLPAL,1308.95,28
2025-07-13T13:56:33.458899,COMPINFO,1378.63,59
2025-07-13T13:56:33.521971,DAVANGERE,1574.85,14
2025-07-13T13:56:33.583431,ANDHRSUGAR,1510.82,54
2025-07-13T13:56:33.646730,AETHER,1767.77,35
2025-07-13T13:56:33.708721,DIVGIITTS,1932.5,30
2025-07-13T13:56:33.769943,ANGELONE,1725.68,66
2025-07-13T13:56:33.831239,CREATIVEYE,1024.43,99
2025-07-13T13:56:33.892714,ATLASCYCLE,1953.3,71
2025-07-13T13:56:33.954526,ASTEC-RE,1270.32,49
2025-07-13T13:56:34.016699,AGIIL,1920.84,66
2025-07-13T13:56:34.078537,CCCL,1986.93,43
2025-07-13T13:56:34.139582,CHOICEIN,1988.59,43
2025-07-13T13:56:34.201494,BOSCHLTD,1654.9,52
2025-07-13T13:56:34.264516,BANDHANBNK,1184.99,62
2025-07-13T13:56:34.326851,ALKALI,1374.65,27
2025-07-13T13:56:34.388948,CAPTRUST,1530.94,62
2025-07-13T13:56:34.451619,BRIGADE,1037.49,43
2025-07-13T13:56:34.512820,COROMANDEL,1434.65,55
2025-07-13T13:56:34.574527,CREATIVE,1047.09,84
2025-07-13T13:56:34.637429,BGRENERGY,1475.35,100
2025-07-13T13:56:34.700809,20MICRONS,1065.3,50
2025-07-13T13:56:34.763649,BHARTIHEXA,1750.17,58
2025-07-13T13:56:34.827600,ADFFOODS,1898.6,26
2025-07-13T13:56:34.890134,CSLFINANCE,1972.35,71
2025-07-13T13:56:34.952169,CIPLA,1626.49,77
2025-07-13T13:56:35.014852,ADVANIHOTR,1555.14,50
2025-07-13T13:56:35.076851,BIL,1780.71,22
2025-07-13T13:56:35.139110,CERA,1361.93,19
2025-07-13T13:56:35.202402,DCW,1082.92,64
2025-07-13T13:56:35.265191,BALAJITELE,1032.84,4
2025-07-13T13:56:35.327754,ASTRAL,1398.29,53
2025-07-13T13:56:35.389744,ACLGATI,1459.84,57
2025-07-13T13:56:35.451876,ACEINTEG,1630.9,8
2025-07-13T13:56:35.514020,AGIIL,1921.08,42
2025-07-13T13:56:35.576356,ASTEC-RE,1270.32,78
2025-07-13T13:56:35.638080,CYIENTDLM,1361.29,78
2025-07-13T13:56:35.700847,DIVISLAB,1798.51,82
2025-07-13T13:56:35.762354,ACE,1093.53,63
2025-07-13T13:56:35.824361,BVCL,1935.87,4
2025-07-13T13:56:35.886204,ATGL,1640.96,76
2025-07-13T13:56:35.947717,BALPHARMA,1671.34,12
2025-07-13T13:56:36.010309,DIVISLAB,1798.61,7
2025-07-13T13:56:36.072486,CELEBRITY,1586.03,27
2025-07-13T13:56:36.135280,ARMANFIN,1567.51,39
2025-07-13T13:56:36.196723,BANKA,1346.37,40
2025-07-13T13:56:36.257832,CPCAP,1404.71,99
2025-07-13T13:56:36.319291,AKG,1311.31,79
2025-07-13T13:56:36.382702,BINANIIND,1576.9,10
2025-07-13T13:56:36.444542,BEPL,1782.83,4
2025-07-13T13:56:36.507255,BRIGADE,1037.33,53
2025-07-13T13:56:36.569081,ALANKIT,1741.87,48
2025-07-13T13:56:36.631241,BCONCEPTS,1512.34,76
2025-07-13T13:56:36.692633,AKI,1075.66,46
2025-07-13T13:56:36.755202,BIRLACORPN,1374.32,56
2025-07-13T13:56:36.817533,AGARIND,1005.99,85
2025-07-13T13:56:36.880667,AMJLAND,1657.24,3
2025-07-13T13:56:36.942689,ALANKIT,1742.2,56
2025-07-13T13:56:37.006247,ASTRAL,1398.72,33
2025-07-13T13:56:37.067730,ABBOTINDIA,1268.09,100
2025-07-13T13:56:37.128742,CUBEXTUB,1493.55,29
2025-07-13T13:56:37.190004,CARBORUNIV,1085.27,77
2025-07-13T13:56:37.251604,CDSL,1519.38,68
2025-07-13T13:56:37.315083,ABDL,1316.43,41
2025-07-13T13:56:37.376952,CPCAP,1404.28,47
2025-07-13T13:56:37.440136,ASIANPAINT,1624.77,88
2025-07-13T13:56:37.502305,ALANKIT,1742.5,63
2025-07-13T13:56:37.565003,AJMERA,1603.99,86
2025-07-13T13:56:37.626366,BESTAGRO,1863.74,26
2025-07-13T13:56:37.688471,DENTA,1950.32,95
2025-07-13T13:56:37.751065,BIKAJI,1003.81,24
2025-07-13T13:56:37.813501,BAGFILMS,1451.94,57
2025-07-13T13:56:37.875835,BLUESTARCO,1520.98,24
2025-07-13T13:56:37.937471,CYBERMEDIA,1899.76,92
2025-07-13T13:56:37.999639,CONFIPET,1124.11,13
2025-07-13T13:56:38.062084,ACCELYA,1882.02,22
2025-07-13T13:56:38.124954,ATLASCYCLE,1953.49,81
2025-07-13T13:56:38.188012,COUNCODOS,1709.64,17
2025-07-13T13:56:38.251014,CAPTRUST,1530.68,31
2025-07-13T13:56:38.313972,CARERATING,1958.74,84
2025-07-13T13:56:38.377352,CLEDUCATE,1507.65,54
2025-07-13T13:56:38.438476,CUB,1036.37,2
2025-07-13T13:56:38.501514,BRNL,1451.17,26
2025-07-13T13:56:38.564873,BBOX,1027.35,95
2025-07-13T13:56:38.627377,AZAD,1348.86,16
2025-07-13T13:56:38.689550,AKUMS,1651.65,97
2025-07-13T13:56:38.752209,BIRLAMONEY,1338.32,6
2025-07-13T13:56:38.813528,BECTORFOOD,1839.02,75
2025-07-13T13:56:38.876375,BIRLACABLE,1598.5,79
2025-07-13T13:56:38.937506,ARTNIRMAN,1364.25,39
2025-07-13T13:56:39.000285,ANDHRSUGAR,1510.61,60
2025-07-13T13:56:39.062240,CAMS,1745.76,68
2025-07-13T13:56:39.123024,BALKRISIND,1936.29,6
2025-07-13T13:56:39.184913,ANDHRAPAP,1170.34,26
2025-07-13T13:56:39.247349,ATALREAL,1280.69,4
2025-07-13T13:56:39.309316,ADANIPORTS,1372.9,74
2025-07-13T13:56:39.369660,AXISBANK,1951.67,13
2025-07-13T13:56:39.431280,AVL,1993.96,78
2025-07-13T13:56:39.494705,BRNL,1451.4,47
2025-07-13T13:56:39.557310,AIRAN,1795.64,85
2025-07-13T13:56:39.619600,COASTCORP,1712.95,33
